<?xml version="1.0" encoding="UTF-8"?>
<!DOCTYPE html PUBLIC "-//W3C//DTD XHTML 1.0 Transitional//EN"
    "http://www.w3.org/TR/xhtml1/DTD/xhtml1-transitional.dtd">
<html xmlns="http://www.w3.org/1999/xhtml" xml:lang="en" lang="en">
 <head>
  <title>
</title>
<meta http-equiv="Content-Type" content="text/html;charset=utf-8" />
  <meta name='ocr-system' content='tesseract 3.04.00' />
  <meta name='ocr-capabilities' content='ocr_page ocr_carea ocr_par ocr_line ocrx_word'/>
</head>
<body>
  <div class='ocr_page' id='page_1' title='image "./anthologiagraec02saumgoog_0317.png"; bbox 0 0 4809 6034; ppageno 0'>
   <div class='ocr_carea' id='block_1_1' title="bbox 641 551 1293 686">
    <p class='ocr_par' dir='ltr' id='par_1_1' title="bbox 641 551 1293 686">
     <span class='ocr_line' id='line_1_1' title="bbox 641 551 1293 686; baseline 0.006 -4"><span class='ocrx_word' id='word_1_1' title='bbox 641 551 912 682; x_wconf 76' lang='grc' dir='ltr'>ιιιιιιι</span> <span class='ocrx_word' id='word_1_2' title='bbox 959 597 1293 686; x_wconf 76' lang='lat' dir='ltr'><strong>surmus.</strong></span> 
     </span>
    </p>
   </div>
   <div class='ocr_carea' id='block_1_2' title="bbox 388 827 1373 1305">
    <p class='ocr_par' dir='ltr' id='par_1_2' title="bbox 396 827 1332 929">
     <span class='ocr_line' id='line_1_2' title="bbox 396 827 1332 929; baseline -0.002 -20"><span class='ocrx_word' id='word_1_3' title='bbox 396 829 539 909; x_wconf 78' lang='lat' dir='ltr'>Perdita</span> <span class='ocrx_word' id='word_1_4' title='bbox 565 846 629 923; x_wconf 89' lang='lat' dir='ltr'><strong>per</strong></span> <span class='ocrx_word' id='word_1_5' title='bbox 657 847 724 902; x_wconf 89' lang='lat' dir='ltr'><strong>vos</strong></span> <span class='ocrx_word' id='word_1_6' title='bbox 746 828 798 901; x_wconf 78' lang='grc' dir='ltr'><strong>ἰιι</strong></span> <span class='ocrx_word' id='word_1_7' title='bbox 813 827 987 905; x_wconf 77' lang='lat' dir='ltr'><strong>&#39;Heroum</strong></span> <span class='ocrx_word' id='word_1_8' title='bbox 1011 830 1154 929; x_wconf 63' lang='lat' dir='ltr'><strong>gloria,</strong></span> <span class='ocrx_word' id='word_1_9' title='bbox 1177 851 1332 929; x_wconf 89' lang='lat' dir='ltr'><strong>quorum</strong></span> 
     </span>
    </p>

    <p class='ocr_par' dir='ltr' id='par_1_3' title="bbox 388 951 1315 1050">
     <span class='ocr_line' id='line_1_3' title="bbox 388 951 1315 1050; baseline 0.003 -21"><span class='ocrx_word' id='word_1_10' title='bbox 388 997 420 1044; x_wconf 57' lang='grc' dir='ltr'><strong>,ι</strong></span> <span class='ocrx_word' id='word_1_11' title='bbox 449 952 620 1029; x_wconf 89' lang='lat' dir='ltr'><strong>Concidit</strong></span> <span class='ocrx_word' id='word_1_12' title='bbox 642 952 726 1042; x_wconf 88' lang='lat' dir='ltr'><strong>illa,</strong></span> <span class='ocrx_word' id='word_1_13' title='bbox 750 951 840 1027; x_wconf 87' lang='lat' dir='ltr'><strong>Deis</strong></span> <span class='ocrx_word' id='word_1_14' title='bbox 867 953 1034 1050; x_wconf 86' lang='lat' dir='ltr'><strong>condita,</strong></span> <span class='ocrx_word' id='word_1_15' title='bbox 1058 955 1172 1050; x_wconf 85' lang='lat' dir='ltr'><strong>Troja</strong></span> <span class='ocrx_word' id='word_1_16' title='bbox 1196 975 1315 1033; x_wconf 86' lang='lat' dir='ltr'><strong>manu.</strong></span> 
     </span>
    </p>

    <p class='ocr_par' dir='ltr' id='par_1_4' title="bbox 395 1077 1373 1305">
     <span class='ocr_line' id='line_1_4' title="bbox 395 1077 1264 1174; baseline -0.002 -16"><span class='ocrx_word' id='word_1_17' title='bbox 395 1083 461 1158; x_wconf 90' lang='grc' dir='ltr'>ιιιι</span> <span class='ocrx_word' id='word_1_18' title='bbox 483 1078 705 1173; x_wconf 80' lang='lat' dir='ltr'><strong>sedentique</strong></span> <span class='ocrx_word' id='word_1_19' title='bbox 729 1077 882 1154; x_wconf 84' lang='lat' dir='ltr'><strong>surrexit</strong></span> <span class='ocrx_word' id='word_1_20' title='bbox 906 1081 1115 1174; x_wconf 82' lang='lat' dir='ltr'><strong>pulchrior:</strong></span> <span class='ocrx_word' id='word_1_21' title='bbox 1140 1097 1176 1156; x_wconf 85' lang='lat' dir='ltr'><strong>at</strong></span> <span class='ocrx_word' id='word_1_22' title='bbox 1194 1105 1264 1156; x_wconf 87' lang='lat' dir='ltr'><strong>vos</strong></span> 
     </span>
     <span class='ocr_line' id='line_1_5' title="bbox 444 1183 1373 1305; baseline 0.001 -22"><span class='ocrx_word' id='word_1_23' title='bbox 444 1205 538 1283; x_wconf 81' lang='lat' dir='ltr'><strong>Estis</strong></span> <span class='ocrx_word' id='word_1_24' title='bbox 564 1195 710 1279; x_wconf 79' lang='lat' dir='ltr'><strong>mandra</strong></span> <span class='ocrx_word' id='word_1_25' title='bbox 727 1205 836 1280; x_wconf 88' lang='lat' dir='ltr'><strong>boum</strong></span> <span class='ocrx_word' id='word_1_26' title='bbox 862 1223 1117 1305; x_wconf 85' lang='lat' dir='ltr'><strong>praetereaque</strong></span> <span class='ocrx_word' id='word_1_27' title='bbox 1132 1208 1235 1284; x_wconf 90' lang='lat' dir='ltr'><strong>nihil.</strong></span> <span class='ocrx_word' id='word_1_28' title='bbox 1368 1183 1373 1192; x_wconf 39' lang='lat'><em>⁶</em></span> 
     </span>
    </p>
   </div>
   <div class='ocr_carea' id='block_1_3' title="bbox 337 1489 1469 2225">
    <p class='ocr_par' dir='ltr' id='par_1_5' title="bbox 337 1489 1469 2225">
     <span class='ocr_line' id='line_1_6' title="bbox 672 1489 1416 1602; baseline 0.009 -38"><span class='ocrx_word' id='word_1_29' title='bbox 672 1489 795 1567; x_wconf 88' lang='lat' dir='ltr'><strong>XIV.</strong></span> <span class='ocrx_word' id='word_1_30' title='bbox 829 1491 1273 1576; x_wconf 76' lang='grc' dir='ltr'>Αιιιιιιιιιιι.</span> <span class='ocrx_word' id='word_1_31' title='bbox 1413 1595 1416 1602; x_wconf 14' lang='grc' dir='ltr'><strong><em>μ</em></strong></span> 
     </span>
     <span class='ocr_line' id='line_1_7' title="bbox 398 1655 1444 1858; baseline -0.005 -28"><span class='ocrx_word' id='word_1_32' title='bbox 398 1753 508 1830; x_wconf 91' lang='lat' dir='ltr'><strong>Nunc</strong></span> <span class='ocrx_word' id='word_1_33' title='bbox 533 1752 596 1828; x_wconf 91' lang='lat' dir='ltr'><strong>ubi</strong></span> <span class='ocrx_word' id='word_1_34' title='bbox 618 1655 777 1827; x_wconf 64' lang='lat' dir='ltr'><strong>souines</strong></span> <span class='ocrx_word' id='word_1_35' title='bbox 804 1747 967 1836; x_wconf 73' lang='lat' dir='ltr'><strong>tollentia</strong></span> <span class='ocrx_word' id='word_1_36' title='bbox 995 1745 1137 1822; x_wconf 84' lang='lat' dir='ltr'><strong>moenia</strong></span> <span class='ocrx_word' id='word_1_37' title='bbox 1159 1750 1331 1858; x_wconf 56' lang='lat' dir='ltr'><strong>turress&#39;</strong></span> <span class='ocrx_word' id='word_1_38' title='bbox 1442 1855 1444 1858; x_wconf 12' lang='grc' dir='ltr'>ι</span> 
     </span>
     <span class='ocr_line' id='line_1_8' title="bbox 337 1873 1331 1968; baseline -0.002 -16"><span class='ocrx_word' id='word_1_39' title='bbox 337 1915 343 1920; x_wconf 92' lang='grc'><strong>-</strong></span> <span class='ocrx_word' id='word_1_40' title='bbox 448 1879 499 1952; x_wconf 88' lang='lat' dir='ltr'><strong>Et</strong></span> <span class='ocrx_word' id='word_1_41' title='bbox 521 1876 643 1952; x_wconf 88' lang='lat' dir='ltr'><strong>laudes</strong></span> <span class='ocrx_word' id='word_1_42' title='bbox 668 1874 709 1949; x_wconf 82' lang='lat' dir='ltr'><strong>de</strong></span> <span class='ocrx_word' id='word_1_43' title='bbox 738 1894 851 1967; x_wconf 87' lang='lat' dir='ltr'><strong>opes,</strong></span> <span class='ocrx_word' id='word_1_44' title='bbox 877 1873 972 1950; x_wconf 91' lang='lat' dir='ltr'><strong>Dori</strong></span> <span class='ocrx_word' id='word_1_45' title='bbox 992 1875 1193 1968; x_wconf 88' lang='lat' dir='ltr'><strong>Corinthe,</strong></span> <span class='ocrx_word' id='word_1_46' title='bbox 1219 1878 1331 1951; x_wconf 74' lang='lat' dir='ltr'><strong>tuae?</strong></span> 
     </span>
     <span class='ocr_line' id='line_1_9' title="bbox 401 1993 1319 2094; baseline -0.004 -14"><span class='ocrx_word' id='word_1_47' title='bbox 401 2005 513 2080; x_wconf 91' lang='lat' dir='ltr'><strong>Nunc</strong></span> <span class='ocrx_word' id='word_1_48' title='bbox 538 2003 602 2079; x_wconf 92' lang='lat' dir='ltr'><strong>ubi</strong></span> <span class='ocrx_word' id='word_1_49' title='bbox 621 1999 803 2094; x_wconf 85' lang='lat' dir='ltr'><strong>Sisyphiae</strong></span> <span class='ocrx_word' id='word_1_50' title='bbox 827 2016 956 2075; x_wconf 81' lang='lat' dir='ltr'><strong>nntres</strong></span> <span class='ocrx_word' id='word_1_51' title='bbox 981 1993 1019 2076; x_wconf 78' lang='lat' dir='ltr'><strong>de</strong></span> <span class='ocrx_word' id='word_1_52' title='bbox 1044 2003 1138 2078; x_wconf 88' lang='lat' dir='ltr'><strong>mille</strong></span> <span class='ocrx_word' id='word_1_53' title='bbox 1162 2002 1319 2078; x_wconf 85' lang='lat' dir='ltr'><strong>virorum</strong></span> 
     </span>
     <span class='ocr_line' id='line_1_10' title="bbox 448 2126 1469 2225; baseline 0.004 -23"><span class='ocrx_word' id='word_1_54' title='bbox 448 2129 626 2223; x_wconf 79' lang='lat' dir='ltr'><strong>Agmina,</strong></span> <span class='ocrx_word' id='word_1_55' title='bbox 650 2133 779 2224; x_wconf 86' lang='lat' dir='ltr'><strong>totque</strong></span> <span class='ocrx_word' id='word_1_56' title='bbox 800 2126 931 2212; x_wconf 85' lang='lat' dir='ltr'><strong>domus</strong></span> <span class='ocrx_word' id='word_1_57' title='bbox 957 2126 1147 2224; x_wconf 72' lang='lat' dir='ltr'><strong>seruaque</strong></span> <span class='ocrx_word' id='word_1_58' title='bbox 1166 2131 1299 2225; x_wconf 83' lang='lat' dir='ltr'><strong>templa</strong></span> <span class='ocrx_word' id='word_1_59' title='bbox 1320 2128 1469 2212; x_wconf 75' lang='lat' dir='ltr'><strong>Deum?</strong></span> 
     </span>
    </p>
   </div>
   <div class='ocr_carea' id='block_1_4' title="bbox 402 2251 1496 2364">
    <p class='ocr_par' dir='ltr' id='par_1_6' title="bbox 402 2251 1496 2364">
     <span class='ocr_line' id='line_1_11' title="bbox 402 2251 1496 2364; baseline 0.001 -38"><span class='ocrx_word' id='word_1_60' title='bbox 402 2253 603 2354; x_wconf 86' lang='lat' dir='ltr'><strong>Tantorum</strong></span> <span class='ocrx_word' id='word_1_61' title='bbox 626 2251 794 2324; x_wconf 90' lang='lat' dir='ltr'><strong>decorum</strong></span> <span class='ocrx_word' id='word_1_62' title='bbox 822 2251 1092 2364; x_wconf 73' lang='lat' dir='ltr'><strong>vestiglanulla</strong></span> <span class='ocrx_word' id='word_1_63' title='bbox 1114 2253 1342 2352; x_wconf 56' lang='lat' dir='ltr'><strong>supersunt„</strong></span> <span class='ocrx_word' id='word_1_64' title='bbox 1375 2305 1429 2352; x_wconf 51' lang='lat'><strong>,3</strong></span> <span class='ocrx_word' id='word_1_65' title='bbox 1477 2291 1496 2350; x_wconf 60' lang='lat' dir='ltr'><strong>¹g</strong></span> 
     </span>
    </p>
   </div>
   <div class='ocr_carea' id='block_1_5' title="bbox 386 2374 1326 2723">
    <p class='ocr_par' dir='ltr' id='par_1_7' title="bbox 386 2374 1326 2723">
     <span class='ocr_line' id='line_1_12' title="bbox 450 2374 1179 2468; baseline -0.001 -17"><span class='ocrx_word' id='word_1_66' title='bbox 450 2376 580 2452; x_wconf 88' lang='lat' dir='ltr'><strong>Omnia</strong></span> <span class='ocrx_word' id='word_1_67' title='bbox 604 2374 765 2468; x_wconf 86' lang='lat' dir='ltr'><strong>corrupit</strong></span> <span class='ocrx_word' id='word_1_68' title='bbox 789 2374 918 2447; x_wconf 87' lang='lat' dir='ltr'><strong>Martis</strong></span> <span class='ocrx_word' id='word_1_69' title='bbox 943 2376 1068 2447; x_wconf 87' lang='lat' dir='ltr'><strong>acerba</strong></span> <span class='ocrx_word' id='word_1_70' title='bbox 1088 2376 1179 2450; x_wconf 89' lang='lat' dir='ltr'><strong>lues.</strong></span> 
     </span>
     <span class='ocr_line' id='line_1_13' title="bbox 403 2494 1237 2596; baseline 0.001 -21"><span class='ocrx_word' id='word_1_71' title='bbox 403 2502 508 2577; x_wconf 84' lang='lat' dir='ltr'><strong>Solae</strong></span> <span class='ocrx_word' id='word_1_72' title='bbox 532 2500 700 2573; x_wconf 86' lang='lat' dir='ltr'><strong>restanus</strong></span> <span class='ocrx_word' id='word_1_73' title='bbox 726 2497 875 2595; x_wconf 86' lang='lat' dir='ltr'><strong>geminis</strong></span> <span class='ocrx_word' id='word_1_74' title='bbox 903 2494 1092 2594; x_wconf 80' lang='lat' dir='ltr'><strong>Nereides</strong></span> <span class='ocrx_word' id='word_1_75' title='bbox 1106 2499 1237 2596; x_wconf 83' lang='lat' dir='ltr'><strong>undis,</strong></span> 
     </span>
     <span class='ocr_line' id='line_1_14' title="bbox 386 2617 1326 2723; baseline 0.006 -23"><span class='ocrx_word' id='word_1_76' title='bbox 386 2617 388 2622; x_wconf 72' lang='grc'><em>’</em></span> <span class='ocrx_word' id='word_1_77' title='bbox 451 2627 578 2723; x_wconf 81' lang='lat' dir='ltr'><strong>Teque</strong></span> <span class='ocrx_word' id='word_1_78' title='bbox 602 2624 701 2699; x_wconf 89' lang='lat' dir='ltr'><strong>velut</strong></span> <span class='ocrx_word' id='word_1_79' title='bbox 723 2621 871 2694; x_wconf 85' lang='lat' dir='ltr'><strong>maestae</strong></span> <span class='ocrx_word' id='word_1_80' title='bbox 894 2622 1093 2720; x_wconf 83' lang='lat' dir='ltr'><strong>plangimus</strong></span> <span class='ocrx_word' id='word_1_81' title='bbox 1123 2626 1326 2719; x_wconf 83' lang='lat' dir='ltr'><strong>Alcyones.</strong></span> 
     </span>
    </p>
   </div>
   <div class='ocr_carea' id='block_1_6' title="bbox 621 2905 1421 2999">
    <p class='ocr_par' dir='ltr' id='par_1_8' title="bbox 621 2905 1421 2999">
     <span class='ocr_line' id='line_1_15' title="bbox 621 2905 1421 2999; baseline 0.005 -14"><span class='ocrx_word' id='word_1_82' title='bbox 621 2911 717 2987; x_wconf 89' lang='lat' dir='ltr'><strong>XV.</strong></span> <span class='ocrx_word' id='word_1_83' title='bbox 756 2905 1009 2987; x_wconf 62' lang='lat' dir='ltr'><strong>(inseror.</strong></span> <span class='ocrx_word' id='word_1_84' title='bbox 1037 2909 1372 2999; x_wconf 69' lang='lat' dir='ltr'><strong>Contrarium·</strong></span> <span class='ocrx_word' id='word_1_85' title='bbox 1414 2965 1421 2974; x_wconf 78' lang='lat'>·</span> 
     </span>
    </p>
   </div>
   <div class='ocr_carea' id='block_1_7' title="bbox 403 3161 1512 3268">
    <p class='ocr_par' dir='ltr' id='par_1_9' title="bbox 403 3161 1512 3268">
     <span class='ocr_line' id='line_1_16' title="bbox 403 3161 1512 3268; baseline 0.005 -18"><span class='ocrx_word' id='word_1_86' title='bbox 403 3176 440 3250; x_wconf 84' lang='lat' dir='ltr'>A</span> <span class='ocrx_word' id='word_1_87' title='bbox 467 3170 612 3247; x_wconf 88' lang='lat' dir='ltr'><strong>Cithara</strong></span> <span class='ocrx_word' id='word_1_88' title='bbox 636 3161 792 3252; x_wconf 71' lang='lat' dir='ltr'><strong>stmttos,</strong></span> <span class='ocrx_word' id='word_1_89' title='bbox 811 3173 942 3254; x_wconf 79' lang='lat' dir='ltr'><strong>euertit</strong></span> <span class='ocrx_word' id='word_1_90' title='bbox 971 3173 1057 3250; x_wconf 90' lang='lat' dir='ltr'><strong>tibia</strong></span> <span class='ocrx_word' id='word_1_91' title='bbox 1082 3192 1228 3268; x_wconf 86' lang='lat' dir='ltr'><strong>muros,</strong></span> <span class='ocrx_word' id='word_1_92' title='bbox 1500 3173 1512 3200; x_wconf 71' lang='lat'><em>‘</em></span> 
     </span>
    </p>
   </div>
   <div class='ocr_carea' id='block_1_8' title="bbox 406 3296 1421 3893">
    <p class='ocr_par' dir='ltr' id='par_1_10' title="bbox 406 3296 1421 3893">
     <span class='ocr_line' id='line_1_17' title="bbox 455 3296 1357 3400; baseline 0.006 -26"><span class='ocrx_word' id='word_1_93' title='bbox 455 3299 528 3374; x_wconf 93' lang='lat' dir='ltr'><strong>Hei</strong></span> <span class='ocrx_word' id='word_1_94' title='bbox 550 3297 635 3370; x_wconf 88' lang='lat' dir='ltr'><strong>mihi</strong></span> <span class='ocrx_word' id='word_1_95' title='bbox 646 3315 766 3400; x_wconf 85' lang='lat' dir='ltr'><strong>quarn</strong></span> <span class='ocrx_word' id='word_1_96' title='bbox 791 3296 927 3372; x_wconf 80' lang='lat' dir='ltr'><strong>discors</strong></span> <span class='ocrx_word' id='word_1_97' title='bbox 954 3299 1040 3373; x_wconf 90' lang='lat' dir='ltr'><strong>huic</strong></span> <span class='ocrx_word' id='word_1_98' title='bbox 1058 3299 1164 3394; x_wconf 84' lang='lat' dir='ltr'><strong>sonus</strong></span> <span class='ocrx_word' id='word_1_99' title='bbox 1188 3303 1251 3377; x_wconf 90' lang='lat' dir='ltr'><strong>ille</strong></span> <span class='ocrx_word' id='word_1_100' title='bbox 1273 3303 1357 3380; x_wconf 85' lang='lat' dir='ltr'><strong>fuit.</strong></span> 
     </span>
     <span class='ocr_line' id='line_1_18' title="bbox 406 3423 1331 3524; baseline 0.003 -24"><span class='ocrx_word' id='word_1_101' title='bbox 406 3425 522 3500; x_wconf 81' lang='lat' dir='ltr'><strong>Surda</strong></span> <span class='ocrx_word' id='word_1_102' title='bbox 547 3426 625 3513; x_wconf 87' lang='lat' dir='ltr'><strong>lyra</strong></span> <span class='ocrx_word' id='word_1_103' title='bbox 649 3437 767 3496; x_wconf 86' lang='lat' dir='ltr'><strong>motae</strong></span> <span class='ocrx_word' id='word_1_104' title='bbox 794 3423 991 3498; x_wconf 86' lang='lat' dir='ltr'><strong>monstrant</strong></span> <span class='ocrx_word' id='word_1_105' title='bbox 1016 3428 1164 3524; x_wconf 80' lang='lat' dir='ltr'><strong>vestigia</strong></span> <span class='ocrx_word' id='word_1_106' title='bbox 1189 3441 1331 3519; x_wconf 82' lang='lat' dir='ltr'><strong>turres,</strong></span> 
     </span>
     <span class='ocr_line' id='line_1_19' title="bbox 455 3521 1421 3652; baseline 0.004 -30"><span class='ocrx_word' id='word_1_107' title='bbox 455 3548 656 3643; x_wconf 72' lang='grc' dir='ltr'>Βοᾶιιιιιιι</span> <span class='ocrx_word' id='word_1_108' title='bbox 678 3521 806 3642; x_wconf 83' lang='lat' dir='ltr'><strong>sponte</strong></span> <span class='ocrx_word' id='word_1_109' title='bbox 817 3537 897 3619; x_wconf 84' lang='lat' dir='ltr'><strong>sua</strong></span> <span class='ocrx_word' id='word_1_110' title='bbox 921 3548 1063 3648; x_wconf 82' lang='lat' dir='ltr'><strong>surgere</strong></span> <span class='ocrx_word' id='word_1_111' title='bbox 1087 3551 1210 3625; x_wconf 82' lang='lat' dir='ltr'><strong>saxa</strong></span> <span class='ocrx_word' id='word_1_112' title='bbox 1197 3567 1325 3645; x_wconf 66' lang='lat' dir='ltr'><strong>jacent.</strong></span> <span class='ocrx_word' id='word_1_113' title='bbox 1417 3641 1421 3652; x_wconf 55' lang='lat'><strong>.</strong></span> 
     </span>
     <span class='ocr_line' id='line_1_20' title="bbox 406 3649 1323 3770; baseline 0 -21"><span class='ocrx_word' id='word_1_114' title='bbox 406 3672 470 3749; x_wconf 89' lang='lat' dir='ltr'><strong>Est</strong></span> <span class='ocrx_word' id='word_1_115' title='bbox 493 3672 584 3745; x_wconf 89' lang='lat' dir='ltr'><strong>levis</strong></span> <span class='ocrx_word' id='word_1_116' title='bbox 608 3649 793 3764; x_wconf 67' lang='lat' dir='ltr'><strong>slmph&#39;ion</strong></span> <span class='ocrx_word' id='word_1_117' title='bbox 818 3663 885 3744; x_wconf 86' lang='lat' dir='ltr'><strong>tibi</strong></span> <span class='ocrx_word' id='word_1_118' title='bbox 898 3659 1039 3750; x_wconf 82' lang='lat' dir='ltr'><strong>debita</strong></span> <span class='ocrx_word' id='word_1_119' title='bbox 1034 3663 1180 3770; x_wconf 77' lang='lat' dir='ltr'><strong>gratia.</strong></span> <span class='ocrx_word' id='word_1_120' title='bbox 1210 3689 1323 3750; x_wconf 85' lang='lat' dir='ltr'><strong>turres</strong></span> 
     </span>
     <span class='ocr_line' id='line_1_21' title="bbox 456 3787 1169 3893; baseline 0.004 -21"><span class='ocrx_word' id='word_1_121' title='bbox 456 3798 630 3893; x_wconf 80' lang='lat' dir='ltr'><strong>Septenos</strong></span> <span class='ocrx_word' id='word_1_122' title='bbox 656 3793 817 3872; x_wconf 87' lang='lat' dir='ltr'><strong>totidem</strong></span> <span class='ocrx_word' id='word_1_123' title='bbox 828 3795 1046 3872; x_wconf 84' lang='lat' dir='ltr'><strong>constituere</strong></span> <span class='ocrx_word' id='word_1_124' title='bbox 1068 3787 1169 3876; x_wconf 88' lang='lat' dir='ltr'><strong>fides.</strong></span> 
     </span>
    </p>
   </div>
   <div class='ocr_carea' id='block_1_9' title="bbox 717 4045 1345 4165">
    <p class='ocr_par' dir='ltr' id='par_1_11' title="bbox 717 4045 1345 4165">
     <span class='ocr_line' id='line_1_22' title="bbox 717 4045 1345 4165; baseline 0.005 -22.063"><span class='ocrx_word' id='word_1_125' title='bbox 717 4045 1247 4165; x_wconf 73' lang='lat' dir='ltr'><strong>XVLEJusonm</strong></span> <span class='ocrx_word' id='word_1_126' title='bbox 1337 4049 1345 4067; x_wconf 59' lang='lat'>⁸</span> 
     </span>
    </p>
   </div>
   <div class='ocr_carea' id='block_1_10' title="bbox 401 4313 1373 4415">
    <p class='ocr_par' dir='ltr' id='par_1_12' title="bbox 401 4313 1373 4415">
     <span class='ocr_line' id='line_1_23' title="bbox 401 4313 1373 4415; baseline 0.001 -15"><span class='ocrx_word' id='word_1_127' title='bbox 401 4313 451 4401; x_wconf 83' lang='lat' dir='ltr'><strong>’si</strong></span> <span class='ocrx_word' id='word_1_128' title='bbox 476 4326 572 4399; x_wconf 86' lang='lat' dir='ltr'><strong>sacer</strong></span> <span class='ocrx_word' id='word_1_129' title='bbox 598 4321 813 4398; x_wconf 84' lang='lat' dir='ltr'><strong>Harmoniae</strong></span> <span class='ocrx_word' id='word_1_130' title='bbox 842 4335 944 4398; x_wconf 88' lang='lat' dir='ltr'><strong>torus</strong></span> <span class='ocrx_word' id='word_1_131' title='bbox 971 4325 1048 4415; x_wconf 90' lang='lat' dir='ltr'><strong>est,</strong></span> <span class='ocrx_word' id='word_1_132' title='bbox 1073 4323 1229 4400; x_wconf 86' lang='lat' dir='ltr'><strong>incestus</strong></span> <span class='ocrx_word' id='word_1_133' title='bbox 1257 4327 1373 4401; x_wconf 83' lang='lat' dir='ltr'><strong>atille</strong></span> 
     </span>
    </p>
   </div>
   <div class='ocr_carea' id='block_1_11' title="bbox 461 4447 1515 4547">
    <p class='ocr_par' dir='ltr' id='par_1_13' title="bbox 461 4447 1515 4547">
     <span class='ocr_line' id='line_1_24' title="bbox 461 4447 1515 4547; baseline -0.001 -22"><span class='ocrx_word' id='word_1_134' title='bbox 461 4448 687 4547; x_wconf 82' lang='lat' dir='ltr'><strong>Oedipodis,</strong></span> <span class='ocrx_word' id='word_1_135' title='bbox 711 4449 825 4544; x_wconf 78' lang='lat' dir='ltr'><strong>pletas</strong></span> <span class='ocrx_word' id='word_1_136' title='bbox 851 4447 948 4524; x_wconf 88' lang='lat' dir='ltr'><strong>lucet</strong></span> <span class='ocrx_word' id='word_1_137' title='bbox 969 4449 1008 4526; x_wconf 92' lang='lat' dir='ltr'><strong>in</strong></span> <span class='ocrx_word' id='word_1_138' title='bbox 1024 4449 1236 4547; x_wconf 78' lang='lat' dir='ltr'><strong>Antigonea</strong></span> <span class='ocrx_word' id='word_1_139' title='bbox 1369 4459 1376 4473; x_wconf 89' lang='lat'>&#39;</span> <span class='ocrx_word' id='word_1_140' title='bbox 1511 4455 1515 4466; x_wconf 87' lang='lat'>&#39;</span> 
     </span>
    </p>
   </div>
   <div class='ocr_carea' id='block_1_12' title="bbox 411 4575 1349 4672">
    <p class='ocr_par' dir='ltr' id='par_1_14' title="bbox 411 4575 1349 4672">
     <span class='ocr_line' id='line_1_25' title="bbox 411 4575 1349 4672; baseline 0.001 -21"><span class='ocrx_word' id='word_1_141' title='bbox 411 4577 522 4672; x_wconf 84' lang='lat' dir='ltr'><strong>Impia</strong></span> <span class='ocrx_word' id='word_1_142' title='bbox 549 4575 610 4650; x_wconf 90' lang='lat' dir='ltr'><strong>sed</strong></span> <span class='ocrx_word' id='word_1_143' title='bbox 634 4577 783 4672; x_wconf 80' lang='lat' dir='ltr'><strong>frenum</strong></span> <span class='ocrx_word' id='word_1_144' title='bbox 811 4579 1024 4656; x_wconf 84' lang='lat' dir='ltr'><strong>certamina.</strong></span> <span class='ocrx_word' id='word_1_145' title='bbox 1050 4576 1133 4654; x_wconf 83' lang='grc' dir='ltr'>(ιιιι</span> <span class='ocrx_word' id='word_1_146' title='bbox 1157 4577 1200 4652; x_wconf 89' lang='lat' dir='ltr'><strong>fit</strong></span> <span class='ocrx_word' id='word_1_147' title='bbox 1228 4575 1349 4668; x_wconf 85' lang='lat' dir='ltr'><strong>Ino,</strong></span> 
     </span>
    </p>
   </div>
   <div class='ocr_carea' id='block_1_13' title="bbox 387 4702 1437 5059">
    <p class='ocr_par' dir='ltr' id='par_1_15' title="bbox 410 4702 1437 5059">
     <span class='ocr_line' id='line_1_26' title="bbox 459 4702 1326 4818; baseline 0.001 -41"><span class='ocrx_word' id='word_1_148' title='bbox 459 4702 531 4777; x_wconf 88' lang='lat' dir='ltr'><strong>Sed</strong></span> <span class='ocrx_word' id='word_1_149' title='bbox 554 4704 730 4788; x_wconf 87' lang='lat' dir='ltr'><strong>miserest</strong></span> <span class='ocrx_word' id='word_1_150' title='bbox 756 4705 946 4818; x_wconf 79' lang='lat' dir='ltr'><strong>Athamas.</strong></span> <span class='ocrx_word' id='word_1_151' title='bbox 973 4704 1072 4779; x_wconf 86' lang='lat' dir='ltr'><strong>urbis</strong></span> <span class='ocrx_word' id='word_1_152' title='bbox 1097 4704 1201 4818; x_wconf 82' lang='lat' dir='ltr'><strong>orr&#39;go</strong></span> <span class='ocrx_word' id='word_1_153' title='bbox 1226 4705 1326 4798; x_wconf 85' lang='lat' dir='ltr'><strong>lyra,</strong></span> 
     </span>
     <span class='ocr_line' id='line_1_27' title="bbox 410 4807 1437 4924; baseline 0.002 -20"><span class='ocrx_word' id='word_1_154' title='bbox 410 4827 516 4904; x_wconf 87' lang='lat' dir='ltr'><strong>Tibia</strong></span> <span class='ocrx_word' id='word_1_155' title='bbox 539 4829 720 4924; x_wconf 87' lang='lat' dir='ltr'><strong>pernities.</strong></span> <span class='ocrx_word' id='word_1_156' title='bbox 774 4830 839 4903; x_wconf 84' lang='lat' dir='ltr'><strong>Sic</strong></span> <span class='ocrx_word' id='word_1_157' title='bbox 855 4810 993 4905; x_wconf 85' lang='lat' dir='ltr'><strong>miscuit</strong></span> <span class='ocrx_word' id='word_1_158' title='bbox 1018 4811 1136 4903; x_wconf 85' lang='lat' dir='ltr'><strong>omnia</strong></span> <span class='ocrx_word' id='word_1_159' title='bbox 1162 4830 1322 4921; x_wconf 83' lang='lat' dir='ltr'><strong>Thebis,</strong></span> <span class='ocrx_word' id='word_1_160' title='bbox 1432 4807 1437 4844; x_wconf 48' lang='lat' dir='ltr'><strong>f</strong></span> 
     </span>
     <span class='ocr_line' id='line_1_28' title="bbox 387 4943 1336 5059; baseline 0.009 -30.687"><span class='ocrx_word' id='word_1_161' title='bbox 387 4952 517 5036; x_wconf 90' lang='lat' dir='ltr'><strong>Ut</strong></span> <span class='ocrx_word' id='word_1_162' title='bbox 543 4956 639 5033; x_wconf 83' lang='lat' dir='ltr'><strong>bona</strong></span> <span class='ocrx_word' id='word_1_163' title='bbox 663 4951 737 5029; x_wconf 81' lang='lat' dir='ltr'><strong>fate</strong></span> <span class='ocrx_word' id='word_1_164' title='bbox 758 4943 861 5032; x_wconf 80' lang='lat' dir='ltr'><strong>&#39;inalis</strong></span> <span class='ocrx_word' id='word_1_165' title='bbox 886 4949 1052 5032; x_wconf 87' lang='lat' dir='ltr'><strong>redderet</strong></span> <span class='ocrx_word' id='word_1_166' title='bbox 1076 4976 1187 5059; x_wconf 83' lang='lat' dir='ltr'><strong>aequa</strong></span> <span class='ocrx_word' id='word_1_167' title='bbox 1218 4949 1336 5040; x_wconf 88' lang='lat' dir='ltr'><strong>Deus.</strong></span> 
     </span>
    </p>
   </div>
   <div class='ocr_carea' id='block_1_14' title="bbox 1569 621 1650 706">
    <p class='ocr_par' dir='ltr' id='par_1_16' title="bbox 1569 621 1650 706">
     <span class='ocr_line' id='line_1_29' title="bbox 1569 621 1650 706; baseline 0.025 -20"><span class='ocrx_word' id='word_1_168' title='bbox 1569 621 1650 706; x_wconf 71' lang='grc' dir='ltr'><strong>ιιι</strong></span> 
     </span>
    </p>
   </div>
   <div class='ocr_carea' id='block_1_15' title="bbox 960 5081 1675 5164">
    <p class='ocr_par' dir='ltr' id='par_1_17' title="bbox 960 5081 1675 5164">
     <span class='ocr_line' id='line_1_30' title="bbox 960 5081 1675 5164; baseline 0.004 -8"><span class='ocrx_word' id='word_1_169' title='bbox 960 5081 1029 5157; x_wconf 90' lang='lat' dir='ltr'><strong>Oo</strong></span> <span class='ocrx_word' id='word_1_170' title='bbox 1055 5105 1081 5160; x_wconf 87' lang='lat'>2</span> <span class='ocrx_word' id='word_1_171' title='bbox 1414 5085 1539 5164; x_wconf 90' lang='lat' dir='ltr'><strong>XVII.</strong></span> <span class='ocrx_word' id='word_1_172' title='bbox 1566 5085 1675 5164; x_wconf 78' lang='lat' dir='ltr'><strong>Pur·</strong></span> 
     </span>
    </p>
   </div>
   <div class='ocr_carea' id='block_1_16' title="bbox 0 0 2430 6034">
    <p class='ocr_par' dir='ltr' id='par_1_18' title="bbox 0 0 2430 6034">
     <span class='ocr_line' id='line_1_31' title="bbox 0 0 2430 6034; baseline 0 0"><span class='ocrx_word' id='word_1_173' title='bbox 0 0 2430 6034; x_wconf 95' lang='lat' dir='ltr'><strong> </strong></span> 
     </span>
    </p>
   </div>
  </div>
 </body>
</html>
