4809 6034
672 613 924 700 erret
972 547 1415 727 carmon?

663 909 894 1031 m'1r'm
926 949 959 1027 n
994 949 1035 1027 o
1066 947 1107 1027 s·
1142 947 1361 1027 xxvnr.

875 1218 1141 1339 DcPietate.

705 1497 1309 1588 LCnnrnrerora

397 1813 399 1816 .
428 1749 614 1846 Crinigera
637 1748 775 1847 quidam
800 1750 884 1828 dum
910 1765 1028 1866 captat
1050 1750 1225 1867 arondine
1252 1752 1389 1848 pisces,

475 1877 712 1974 Navifragum
737 1877 835 1954 ducit
859 1878 929 1974 jam
957 1881 1030 1955 srne
1057 1878 1154 1954 crine
1180 1891 1307 1974 caput:

427 2005 498 2096 Et,
534 2005 618 2099 quia
645 2024 719 2078 non
739 2002 860 2080 aderat
885 2004 1043 2097 ferrum,
1069 2006 1130 2099 pia
1156 1995 1306 2079 dextera
1326 2000 1496 2102 supplens

478 2128 647 2206 Officium
673 2131 808 2208 tumulo
838 2129 1000 2207 condidit
1030 2131 1103 2205 ossa
1129 2131 1215 2208 levi.

428 2256 571 2331 Invenit
593 2256 652 2329 hic
677 2257 755 2330 auri
778 2242 919 2352 po‘ndm
942 2276 1063 2354 grave.
1112 2257 1238 2335 Gratia
1259 2257 1341 2353 jure

477 2380 567 2455 Non
584 2380 703 2474 perit,
730 2378 768 2452 dc
794 2382 949 2477 pretium
969 2381 1185 2478 propietate
1206 2383 1326 2459 datur.
1382 2475 1383 2478 Ν

736 2648 1279 2731 H.Tmeocnrre

613 2959 616 2964 ⁴
704 2895 966 2993 Inssmuiacrum
986 2901 1129 2976 Ventris
1151 2893 1322 2996 eoelestis.

428 3164 518 3241 Non
545 3161 633 3240 haec
659 3164 851 3265 vulgivagt
876 3170 953 3245 esta
979 3165 1182 3247 coelestem
1205 3166 1323 3244 dicere
1346 3163 1401 3242 sas
1417 3166 1472 3241 est

481 3290 586 3365 Hanc
604 3279 807 3384 Venerem',
830 3296 951 3389 posuit
970 3316 1076 3391 quam
1092 3296 1188 3371 bona
1210 3292 1450 3389 Chrysogone

1606 555 1702 709 ἰη’

433 3415 631 3509 Amphiclis
657 3415 695 3490 in
716 3418 872 3511 laribus,
900 3422 1098 3500 eommunia
1116 3420 1294 3516 pignora,
1319 3416 1507 3512 queiscum
1610 3447 1614 3456 =

475 3540 539 3612 Est
557 3539 631 3613 vita
656 3539 693 3613 in
714 3542 839 3617 melius
864 3559 1025 3637 tempore
1051 3539 1300 3638 progrediens.

381 3759 387 3766 .
429 3663 526 3739 Dum
542 3664 607 3737 tibi
625 3664 796 3760 primitias
816 3664 902 3740 dant
918 3686 1058 3756 rerum,
1084 3664 1206 3754 Diva,
1234 3663 1398 3736 suarumr

478 3789 566 3867 Plus
596 3789 751 3879 etenim,
776 3790 924 3888 superos
943 3791 1007 3889 qui
1036 3804 1279 3883 venerantur,
1303 3787 1450 3866 habent.

700 4057 1335 4139 IH.Cnrmnoonnm

433 4322 655 4421 Quamquam
676 4324 750 4400 vita
773 4325 871 4401 domi
898 4341 960 4402 tua
978 4327 1153 4417 substitit,
1180 4329 1220 4401 dc
1243 4327 1309 4403 tibi
1333 4340 1460 4401 canum
1496 4373 1499 4379 ·
1618 4403 1625 4418 ,

483 4448 565 4523 Nec
589 4468 710 4543 mare,
735 4472 802 4526 nec
828 4453 958 4550 longae
983 4450 1127 4527 conscia
1151 4468 1244 4527 terra
1271 4451 1377 4540 viae3

436 4572 562 4648 Visere
589 4574 804 4673 Cecropiam
822 4602 867 4658 ne
893 4577 1055 4669 taedeat,
1077 4592 1119 4652 ut
1136 4577 1230 4652 sacra
1248 4575 1372 4669 noris,

486 4698 587 4795 Quae
612 4702 690 4775 fieri
722 4704 827 4778 tacita
849 4706 926 4779 vult
953 4705 1017 4781 fibi
1043 4703 1150 4779 node
1176 4701 1303 4778 Ceres.

433 4817 543 4895 Unde
570 4823 699 4900 &vita
723 4828 789 4901 tibi
813 4829 903 4904 fluet
931 4828 1019 4903 haec
1037 4830 1220 4918 securior,
1247 4826 1284 4903 dt
1308 4826 1391 4923 post
1439 4823 1444 4836 '

480 4946 647 5043 Funera,
672 4952 750 5048 spes
775 4953 869 5029 vitae
883 4970 920 5028 te
946 4951 1102 5033 melioris
1122 4953 1207 5030 alet.

911 5077 1073 5176 ,Μ
