4809 6034
676 564 1312 691 a1annau1utus.

411 797 461 873 Et
483 793 569 870 mlii
593 793 690 870 triste
714 792 815 871 dealt
834 790 985 871 violenti
1008 810 1139 867 munus
1160 789 1317 881 amoris,

408 923 578 1001 Evellens
611 918 840 1018 linquamque
868 919 970 995 simul
998 916 1214 1014 Graiamque
1228 916 1420 1015 loquelam.

825 1224 909 1300 111.
930 1220 986 1298 De
1018 1223 1161 1301 Eadem

409 1529 523 1604 Mitto
550 1527 614 1604 tihi
638 1527 778 1603 Procne
803 1527 904 1601 form
930 1527 1022 1602 hanc
1048 1524 1244 1601 Philomela
1280 1526 1451 1614 salutem,

411 1655 451 1727 Si
473 1674 545 1749 qua
574 1655 663 1729 salus
688 1651 805 1729 nobis.
834 1650 971 1729 Luttus
995 1652 1060 1730 tibi
1074 1652 1144 1727 tela
1168 1652 1366 1749 loquetur,

410 1780 478 1854 lsta
496 1801 620 1871 ineos,
646 1774 738 1878 qua'e
765 1779 840 1855 sola
862 1774 1005 1874 potest,'
1035 1779 1074 1853 δι
1097 1778 1242 1853 crimina
1262 1778 1372 1853 Terei
1379 1828 1424 1893 ².

343 1964 357 1989 .
413 1907 487 2006 Qui
510 1906 621 1998 mihi,
648 1906 856 2002 decerptum
880 1921 966 2002 post
984 1904 1198 2001 virginitatis
1223 1904 1426 1995 honorem,
1600 1982 1615 2007 .

410 2031 537 2131 Nigtis
564 2034 602 2109 in
625 2033 769 2111 stabulis
794 2034 894 2111 usum
915 2053 1067 2131 quoque
1089 2031 1194 2109 vocis
1217 2029 1386 2109 ademit·
1414 2082 1418 2091 ·
1468 2080 1483 2094 .-

698 2366 1275 2443 TITULUSX.

840 2670 909 2759 De
940 2670 1145 2781 Prodigia.

824 2991 1253 3101 Lucanum·
1371 3024 1377 3045 ν
1460 3004 1579 3083 ’νς

412 3292 569 3367 Luxuria
599 3268 756 3371 marcens
780 3296 931 3391 iuvenili
957 3317 1056 3373 more
1080 3297 1253 3395 Menippi
1323 3362 1341 3399 ,
1503 3376 1507 3383 ,
1608 3342 1610 3349 ·

462 3420 611 3494 Theron
635 3443 716 3495 cum
740 3425 869 3518 patrias
898 3424 1114 3501 dilacerasset
1140 3444 1254 3518 opes,
1409 3490 1415 3515 ,
1454 3446 1486 3525 j

413 3540 615 3618 euoenon
642 3540 759 3621 doluit
772 3532 960 3649 ¹quondam
984 3549 1158 3646 genitoris
1178 3548 1315 3620 amicus

462 3667 505 3743 In
529 3669 653 3745 miseri
667 3666 849 3766 ¹juvenem
874 3673 998 3747 vivere
1024 3671 1211 3767 pauperie.
1284 3658 1292 3672 Χ

417 3794 516 3890 Quin
544 3795 643 3871 dedlt
676 3796 713 3871 δι
738 3797 935 3890 lacrymas,
960 3814 1069 3894 atque
1094 3797 1133 3871 in
1159 3794 1218 3868 sua
1238 3793 1330 3871 tella
1348 3810 1500 3895 recepto

466 3918 602 3994 Noster
631 3922 721 4014 eris,
757 3923 870 4015 dixit,
894 3945 972 4001 non
996 3924 1069 3999 line
1088 3921 1176 3997 dote
1204 3943 1332 4018 gener.

385 4148 391 4159 Ι
415 4044 480 4118 llle
496 4043 557 4117 sed
581 4044 773 4141 adspeu03
797 4048 899 4146 quod
921 4071 996 4124 non
1017 4034 1242 4144 speraverat,
1264 4071 1358 4125 auro
1467 4082 1470 4088 ·

465 4169 526 4246 Ad
554 4188 695 4249 ueteres
722 4175 856 4250 sumtus
880 4191 1038 4277 notaque
1065 4175 1191 4253 damna
1209 4175 1326 4251 redit:
1378 4222 1383 4229 -

415 4295 599 4393 Dilapidat
623 4300 768 4393 census,
795 4302 997 4381 concedens
1017 4304 1134 4379 omnia
1153 4301 1303 4393 uentri,
1420 4322 1424 4335 ³

464 4423 515 4498 Et
542 4445 631 4521 quae
660 4425 725 4499 sub
751 4440 912 4501 ventrem
935 4427 1113 4502 deteriota
1139 4427 1264 4500 latent.

421 4551 540 4646 Atque
564 4553 614 4627 ita
644 4551 851 4627 Theronem
877 4552 1042 4629 miserum
1063 4558 1153 4629 mala
1186 4542 1309 4627 aursus
1337 4534 1482 4649 egestas,

465 4675 655 4769 Absorplit
685 4679 792 4752 reflui
812 4681 964 4777 gurgitis
988 4684 1124 4759 illuvie.
1397 4676 1400 4683 ⁴

420 4801 563 4897 Iamque
590 4804 653 4877 flet
683 4804 886 4881 Euhemon
911 4831 984 4883 non
1011 4809 1134 4899 hunc,
1164 4790 1278 4904 quem*
1289 4790 1443 4882 fleverat
1454 4808 1564 4894 ante,

469 4926 543 5002 Sed
567 4927 690 5005 dotem
715 4931 752 5007 &
777 4948 880 5008 natae
901 4933 1022 5009 flehite
1047 4932 1268 5031 conjugium.
1469 4964 1475 4973 ·

980 5058 1063 5154 123
1142 5108 1146 5115 .
1574 5048 1674 5125 Doe-
