4809 6034
639 586 893 669 men
944 537 1419 669 stennone.
1566 533 1707 690 ot

713 877 1144 1050 etcono's
1194 923 1342 1004 xxv,

742 1205 747 1214 ,
893 1147 962 1233 De
989 1149 1176 1238 Furibus.

807 1420 1256 1497 I.Luc1Lm11.

451 1630 570 1702 Aurea
592 1622 757 1699 maternis
781 1626 896 1719 qualis
921 1625 1045 1701 Venus
1069 1627 1145 1701 exit
1168 1626 1214 1701 ab
1239 1623 1374 1718 undis,

502 1751 566 1824 Est
588 1752 711 1824 furate
727 1769 833 1823 manu
854 1766 954 1845 rapte
977 1743 1109 1825 Dionis
1133 1750 1222 1825 heri
1588 1831 1590 1835 .

452 1879 536 1953 Nec
562 1876 642 1949 satis
663 1875 755 1948 hoc:
780 1873 931 1949 solidum
955 1875 1086 1971 pariter
1108 1875 1169 1950 sed
1194 1877 1320 1974 clepsit
1344 1877 1533 1970 Adonim,

501 2002 656 2080 Acceiitt
678 1989 823 2077 matrem
850 2002 943 2078 stans
965 2024 1081 2098 prope
1104 2022 1238 2098 parvus
1263 2001 1404 2082 Amor..
1535 1997 1553 2034 ⁰

453 2129 662 2203 Acclamant
685 2148 830 2219 omnes,
853 2151 965 2222 penes
994 2130 1045 2203 est
1070 2151 1163 2224 quos
1187 2130 1301 2223 palma
1326 2130 1536 2223 Lavernae,

505 2251 594 2326 Non
620 2250 796 2344 estquod
825 2270 938 2328 certet
960 2254 1030 2349 jam
1056 2253 1121 2327 tibi
1145 2254 1264 2328 nostra
1288 2273 1426 2331 manus.
1543 2309 1545 2314 κ

816 2524 1268 2624 ILEJusnnm.

453 2726 612 2818 Relligio
636 2726 752 2815 iurare
778 2726 865 2801 mihi
891 2750 971 2804 cum
997 2730 1132 2806 diceret
1143 2682 1163 2824 ⁹.
1181 2730 1303 2806 aufert

504 2852 617 2949 Quem
640 2849 754 2943 iurare
771 2848 892 2923 Deum
907 2848 1031 2925 debuit
1057 2852 1298 2943 Eutychtdes.

810 3123 1320 3222 HLEJusnnm-

502 3330 638 3405 Divdm
662 3335 848 3405 volucrem
872 3327 1036 3402 nuntium
1062 3326 1161 3419 Maja
1184 3327 1324 3418 satum,

503 3454 662 3529 Doctum
688 3457 803 3528 boves
827 3452 992 3548 abigere,
1017 3450 1191 3524 redorem
1219 3449 1423 3544 Arcadum,

502 3580 600 3654 Haec
626 3602 732 3676 quem
757 3577 926 3673 palaestra
949 3576 1143 3671 praefidem
1165 3577 1282 3651 noscit
1306 3577 1438 3674 suum,

506 3706 600 3780 Cum
625 3705 731 3779 nocie
755 3721 894 3799 raptum
917 3703 1030 3777 ferret
1057 3703 1200 3795 Aulus,
1222 3703 1383 3798 addidit,

506 3832 632 3909 Vincit
653 3832 854 3932 magistrum
878 3829 980 3925 saepe
1008 3827 1173 3926 discipuli
1195 3831 1311 3907 labor.

770 4106 1273 4224 ¹1V.EJusnom.

456 4314 551 4389 Cum
576 4324 717 4406 reperet
737 4311 946 4404 Phoebum,
970 4316 1114 4389 solitum
1139 4311 1279 4387 deferre
1303 4312 1470 4410 rapinas,

501 4435 748 4530 Eutychides,
772 4455 818 4512 ne
843 4455 914 4512 tam
939 4439 1051 4512 multa
1079 4439 1265 4536 loquaris,
1290 4440 1350 4514 ait.

456 4566 495 4640 si
519 4566 636 4659 placet
659 4585 714 4638 ars
732 4566 822 4658 arti,
847 4567 1078 4662 manibusque
1097 4567 1239 4642 oracula
1265 4580 1429 4657 certent,

503 4693 553 4765 Et
576 4691 651 4765 furi
673 4707 795 4782 vates,
818 4693 855 4767 dc
880 4691 981 4766 Deus
1007 4693 1218 4787 Eutychidi.

451 4819 567 4920 ,Nunc
588 4838 656 4912 ego
681 4832 718 4890 te
742 4817 914 4907 vendam,
941 4819 1038 4893 dabit
1061 4820 1132 4891 hoc
1156 4819 1223 4894 tibi
1241 4819 1381 4914 garrula
1405 4817 1553 4917 lingua:

503 4942 599 5018 Mox
621 4943 719 5039 apud
740 4960 936 5042 emptorem
960 4945 1018 5017 dic
1042 4946 1132 5018 mala
1154 4943 1283 5021 conda
1304 4944 1403 5022 mihi.

960 5069 1065 5147 Kltk
1093 5094 1118 5171 3
1152 5107 1160 5125 x
1524 5070 1576 5148 V.
1599 5067 1720 5166 Enne-
