4809 6034
686 530 1349 676 immantatum

835 860 1183 981 V.B'ass1‚
1335 874 1340 882 “

833 1202 838 1211 ,
866 1136 923 1215 De
950 1138 1154 1225 Germanico.

432 1397 615 1505 Pyrenaea
638 1395 757 1494 iuga,
792 1398 830 1477 <ic
860 1397 1026 1496 depreffn
1049 1400 1204 1481 vamum
1231 1402 1377 1499 Alpes,

479 1525 642 1600 Flumina
666 1524 769 1623 queis
795 1525 917 1603 Rheni
938 1526 1053 1623 prima
1077 1525 1199 1603 videre
1223 1528 1377 1622 datum,

434 1650 514 1726 Vos
541 1651 666 1727 habuit
692 1650 812 1728 testem
829 1646 1064 1727 Germanicus
1089 1671 1171 1729 acre
1201 1657 1427 1749 coruscans,

483 1774 622 1851 Celtica
646 1777 727 1855 dum
752 1781 823 1855 ritu
847 1778 1009 1855 fulminis
1030 1798 1124 1855 arma
1148 1780 1247 1860 ferit.

437 1898 532 1976 Cum
557 1902 656 1983 mnu
685 1906 882 2000 caderent,
917 1905 1080 1985 Mavorti
1108 1905 1199 1987 dixit
1224 1907 1369 2007 Enyo,

481 2025 571 2104 Non
600 2032 685 2112 alius
712 2051 890 2134 quaerunt
915 2034 1060 2111 numina
1086 2034 1207 2113 nostra
1229 2057 1368 2114 manua

588 2366 596 2379 ,
679 2289 755 2368 v1.
810 2290 1348 2388 catanancen,

923 2547 987 2669 De⁴
1004 2546 1123 2627 Roma.

288 2842 291 2845 ·
431 2812 521 2890 Non
547 2813 574 2888 fi
596 2811 656 2887 vel
683 2823 799 2886 totum
825 2808 957 2886 biberit
980 2809 1171 2887 Germania
1195 2808 1399 2903 Rhenum,
1527 2802 1535 2813 ’

478 2940 715 3036 Oceanusque
739 2936 856 3013 aestus
883 2938 988 3014 tollat
1012 2938 1051 3014 in
1076 2938 1167 3015 astra
1193 2937 1309 3031 suos,

427 3066 491 3142 Est
515 3064 614 3162 quod
635 3065 754 3141 Roma
771 3064 834 3140 fibi
851 3063 971 3139 timeat
991 3115 1006 3154 ‚
1039 3062 1122 3139 dum
1145 3061 1296 3140 Caesare
1324 3066 1418 3142 fretu

475 3193 575 3267 illius
601 3190 757 3286 imperiis
786 3190 920 3285 perstat
944 3190 1075 3268 habere
1103 3190 1224 3267 fidem.

429 3318 489 3393 Sic
514 3317 552 3392 &
579 3318 674 3391 sacra
699 3317 787 3415 Jnvi
812 3339 966 3415 quercus
992 3317 1168 3397 rantibus
1197 3317 1349 3409 heeret3

478 3445 530 3518 At
555 3444 645 3519 levis
672 3458 811 3520 arentes
839 3444 978 3519 decutit
998 3463 1084 3519 aura
1110 3464 1243 3521 comas.
1338 3548 1342 3555 „

565 3804 570 3811 q
667 3696 1378 3777 v11.1>aanen10n1s.'
1435 3672 1438 3681 ’

429 3978 536 4055 Hunc
562 3966 795 4076 qui'naturae
818 3994 936 4049 terum
961 3973 1079 4071 gravis
1105 3975 1226 4050 omnia
1248 3972 1380 4067 vertit,

415 4138 430 4143 -
480 4104 555 4203 Qui
583 4104 672 4178 velis
699 4116 839 4194 terras,
873 4100 933 4199 qui
956 4099 1049 4196 pede
1078 4099 1204 4205 transit
1227 4119 1366 4199 aquas,
1480 4178 1488 4187 ,

430 4229 604 4306 Sustinuit
634 4229 749 4305 virtus
777 4228 885 4303 hastis
912 4228 1085 4323 Spartana
1112 4226 1315 4301 trecentis:
1350 4276 1355 4283 ·

477 4356 567 4432 Nou
591 4378 660 4435 vos
681 4405 698 4448 ,
726 4378 750 4432 o
774 4369 946 4447 montes,
977 4354 1048 4428 hoc
1075 4350 1218 4447 pudet,
1253 4352 1290 4426 &
1313 4349 1454 4427 maria?

742 4605 877 4717 inil.
928 4570 1275 4684 Ancntnn.

426 4865 525 4940 Mars
550 4861 651 4940 ferus
682 4862 846 4939 extimuit
872 4862 981 4940 toties
1005 4881 1113 4961 quem
1138 4857 1289 4955 pendere
1312 4861 1472 4957 morbo,
1519 4828 1521 4837 i

471 4993 624 5068 Attetor
650 4990 689 5069 &
713 4989 864 5087 proprio
888 5012 986 5067 nunc
1009 5011 1079 5088 ego
1108 4986 1230 5064 Marte
1257 5000 1375 5086 petor.
1457 5094 1460 5099 ⁴
1544 5002 1550 5011 ·

1615 5113 1690 5196 En·
