4809 6034
706 483 1346 658 L'IBOER-PRIMUS.

450 794 608 892 Magnus
636 773 674 867 ds
699 793 774 888 ipse
800 796 920 885 suam,
945 794 1090 893 quando
1109 814 1184 872 non
1201 799 1270 874 effe
1292 794 1438 873 molesta

501 924 636 1014 Desrit,
660 919 806 1019 ejestam
831 921 1002 1018 Juppiter
1027 942 1107 995 arce
1132 924 1211 1018 poli

449 1047 644 1148 Suspendit
663 1047 803 1124 nebulis
823 1063 931 1147 atque
958 1030 1049 1126 adse:
1069 1050 1174 1126 novit
1194 1052 1396 1145 Homerus,

504 1177 635 1252 Iratum
661 1175 799 1270 scripsit
824 1176 884 1274 qui
911 1177 1000 1269 tibi,
1026 1179 1151 1276 Jun0‚
1176 1176 1322 1277 Jovem.

455 1304 651 1401 Nunquam
669 1303 779 1400 igitur
794 1325 947 1381 concors
974 1305 1075 1380 vivet
1101 1318 1261 1379 matrona
1286 1301 1440 1396 marito,

504 1429 544 1505 si
569 1450 637 1505 nee
654 1428 693 1506 in
718 1427 877 1508 aetherio
902 1429 1076 1528 praestitit
1104 1428 1177 1505 hoc
1196 1429 1365 1505 thalamo.

671 1837 681 1846 ,
807 1720 1268 1820 ILEJusoou,

456 1977 661 2056 Femineum
684 2001 798 2080 genus
823 2003 928 2059 omne
958 2003 1108 2062 nocens.
1148 1982 1203 2059 Ita
1228 1983 1349 2060 censet
1374 1982 1581 2060 Homerus:

506 2104 652 2181 Grande
675 2110 802 2185 malum
826 2111 975 2187 moecha
1000 2112 1076 2204 est,
1101 2111 1236 2209 grande
1267 2109 1400 2207 pudice
1424 2109 1572 2187 nalum.

457 2231 592 2310 Multas
619 2234 687 2308 effe
715 2256 822 2312 neces
851 2236 990 2312 Helene
1019 2236 1081 2312 dat
1103 2237 1285 2313 adultera:
1311 2227 1437 2314 verum

509 2354 614 2431 Casta
647 2358 707 2435 dat
734 2360 771 2434 dr
795 2361 925 2437 multas
943 2341 1161 2459 ‘Penelopea
1185 2383 1308 2441 neces.

358 2465 363 2472 ¹
458 2483 540 2559 llias
564 2484 765 2562 inmensum
784 2507 925 2564 carmen
949 2488 1110 2565 versatur
1134 2488 1176 2565 in
1200 2508 1303 2583 una,

507 2610 665 2709 Unaque
698 2610 881 2708 Odysseae
905 2614 1039 2692 femina
1064 2614 1210 2693 materia
1240 2614 1308 2690 est.

801 2906 1283 3008 III.EJusnuur.

461 3161 521 3237 Ab
546 3159 639 3259 Jove
663 3184 732 3259 pro
760 3168 897 3243 flamma
922 3167 1004 3248 data
1029 3170 1135 3248 nobis
1158 3168 1270 3242 altera
1292 3166 1434 3242 flamma
1458 3159 1512 3237 est

509 3288 674 3380 Femina,
707 3308 744 3367 at
769 3314 792 3366 o
817 3295 844 3370 fi
870 3318 944 3372 non
971 3299 1058 3390 illa,
1083 3317 1152 3374 nec
1169 3296 1230 3369 illa
1249 3294 1358 3371 foret.

465 3411 589 3487 aedan
611 3431 727 3490 tamen
747 3416 807 3489 ssla
831 3422 951 3513 potest
976 3423 1073 3496 citor
1098 3423 1231 3496 femina
1254 3437 1464 3515 nunquam,

512 3537 686 3638 Undique
715 3541 965 3637 inardescens,
987 3546 1123 3644 undiqe
1148 3546 1259 3619 semet
1281 3546 1395 3617 alens»

804 3832 1278 3933 IV.EJusuunr.

467 4062 504 4138 Si
529 4064 675 4140 nimium
697 4064 805 4162 jadias
829 4082 865 4145 te
891 4092 966 4148 non
993 4076 1120 4151 uxoria
1146 4019 1276 4150 ferre·

512 4187 627 4284 Juiia,
650 4194 780 4285 procul
804 4217 894 4270 vero
923 4219 985 4288 es3
1010 4219 1090 4272 nam
1117 4215 1237 4291 neque
1260 4205 1363 4288 petra
1388 4188 1481 4280 tibi,

469 4309 551 4386 Nec
579 4336 733 4412 quercus
753 4321 930 4416 genitrix,
956 4322 1079 4417 perfer
1098 4320 1199 4418 quod
1226 4307 1327 4394 ferre
1352 4315 1490 4393 necesse
1515 4313 1584 4389 eff.

518 4440 612 4516 Sunt
640 4443 784 4537 cundi,
809 4445 956 4543 quidni
982 4463 1023 4522 ru
1048 4467 1223 4545 quoque,
1243 4443 1310 4518 sub
1334 4437 1505 4513 dominer

469 4567 521 4641 At
548 4588 623 4646 non
646 4568 827 4665 sandalio,
861 4572 976 4664 dicis,
1002 4575 1265 4649 commulceor:
1292 4581 1330 4641 at
1350 4585 1427 4643 uon

517 4694 654 4772 Uxoris
677 4699 794 4795 perior
817 4716 945 4776 mutus
962 4700 1148 4778 adulteria.

475 4816 666 4892 Servitium
688 4823 762 4898 fers
785 4848 873 4921 ergo
896 4827 1014 4902 minus
1037 4848 1169 4925 grave,
1193 4821 1342 4921 quando
1355 4819 1491 4916 pudica·

519 4944 571 5022 Et
593 4966 671 5022 non
691 4943 845 5024 diffieius
869 4963 905 5023 te
931 4948 1034 5024 nimis
1058 4946 1146 5024 emit
1163 4946 1269 5026 hera.
