4809 6034
731 568 1362 657 LIBERPRIMUS.
1577 584 1723 689 ¹⁴179

1785 670 1793 711 t

465 807 515 884 Et
531 800 684 899 prodecit
705 798 805 874 humi
822 806 1043 893 properant,
1068 793 1200 870 odona
1222 793 1429 887 priusquam

509 929 700 1026 vincirent
732 921 888 1022 geminas
911 921 1055 999 brachia
1073 919 1178 993 saeva
1200 936 1336 991 manua.

462 1059 528 1135 Ille
551 1057 680 1130 rubum
701 1049 815 1147 jadus
838 1046 956 1146 tetigit
979 1043 1213 1143 leporemque
1235 1041 1428 1131 latentem,

507 1183 558 1257 Et
583 1180 690 1256 traxit
714 1175 865 1274 pavidos
890 1174 927 1248 in
952 1173 1011 1248 sua
1034 1171 1151 1248 vincla
1175 1166 1298 1263 pedes.

460 1307 521 1384 Sic
543 1306 640 1402 cepit
671 1305 736 1401 qui
760 1318 882 1398 captus
906 1315 1002 1391 erat,
1026 1296 1093 1373 tabi
1116 1295 1271 1391 praemia
1295 1291 1426 1367 cedunt

507 1432 618 1523 Bina,
642 1429 774 1518 senex,
798 1443 912 1501 terrae
934 1422 1067 1522 praeda
1086 1421 1256 1518 smulque
1278 1416 1393 1493 maris.

556 1747 639 1825 111.
674 1743 949 1832 Parnm,
981 1736 1525 1815 Tuussaaourcausrs.

461 2061 517 2137 Ut
539 2061 682 2135 boream
707 2053 889 2151 sugerem,
914 2049 1020 2144 supra
1035 2046 1129 2121 freta
1146 2040 1231 2117 salsa
1247 2036 1436 2120 volaban,

508 2186 602 2263 Nam
629 2179 716 2255 mihi
738 2178 783 2251 de
810 2179 844 2253 T
848 2177 953 2250 haece
979 2174 1089 2248 flabra
1113 2186 1180 2244 nec
1203 2163 1278 2260 ipsa
1302 2160 1457 2255 placent.

454 2310 683 2387 Dulcisonam
708 2298 814 2379 sub'iit
839 2321 894 2373 me
918 2295 1062 2394 pondus
1086 2293 1223 2368 aedona
1246 2279 1433 2376 DelphIn,

504 2436 810 2530 Pennigeramque
834 2440 959 2501 natans
981 2442 1039 2494 me
1064 2419 1140 2494 fera
1166 2410 1267 2492 vexit
1289 2424 1406 2483 avem.

455 2565 563 2640 Hunc
587 2562 660 2634 fine
682 2553 831 2649 remigio
852 2548 938 2624 mihi
961 2545 1058 2623 vasta
1080 2563 1145 2641 per
1168 2553 1326 2635 aequora
1348 2540 1487 2608 nautam

505 2683 708 2761 Mulcebam
732 2676 862 2750 fidicen
886 2672 1051 2741 cantssaue
1074 2682 1182 2755 atque
1203 2666 1295 2751 lyra.

455 2808 656 2917 Delphines
681 2798 777 2879 soliti
802 2791 912 2894 gratis
934 2788 1067 2867 servire
1075 2808 1082 2887 j
1090 2783 1286 2877 camenis,

501 2933 634 3014 Fabula
655 2946 725 3007 nec
747 2924 878 3000 farsum
894 2929 1012 2996 narrat
1031 2911 1210 2993 Arionia.

679 3247 758 3325 IV.
793 3235 1400 3331 1s1n011,Arreaeaaae.

455 3549 673 3667 Tynnicdtus
694 3549 732 3620 in
755 3560 882 3621 terram
906 3540 1061 3634 projecit
1085 3537 1123 3611 in
1142 3547 1301 3627 aequore
1316 3532 1461 3617 captum

498 3677 697 3768 Polypon,
719 3665 914 3741 exhorrens
937 3653 1082 3732 vincula
1105 3652 1209 3730 saeva
1231 3655 1342 3729 ferae·

453 3805 564 3878 Forte
582 3778 787 3892 sopbratum
812 3789 971 3883 leporem
994 3760 1124 3877 premit
1147 3774 1211 3849 ille
1231 3771 1418 3867 ligatque,

503 3926 609 4001 Eheu
633 3921 697 4019 qui
721 3916 854 3992 celeres
876 3911 1016 4007 fugerat
1043 3917 1126 3981 ante
1151 3918 1270 3976 canes.

454 4051 655 4145 Praedaque
669 4034 890 4139 praedatur:
917 4033 1025 4110 debes
1048 4031 1147 4105 hunc
1171 4007 1321 4101 reddere
1344 4028 1460 4114 ponto

506 4170 782 4277 Quadrupedem
804 4152 978 4264 pretiuni,
1009 4152 1229 4274 Tynniclre,
1251 4144 1353 4244 piscis
1374 4142 1494 4219 habes.
1547 4230 1551 4243 ¹

669 4487 721 4566 V.
753 4487 1080 4568 deterantur,
1124 4469 1394 4547 atzmu.

453 4792 834 4907 Exanimem-vivent,
858 4748 1036 4863 lromrnem
1060 4774 1263 4870 feta,‘nata
1280 4759 1464 4865 profando
1602 4808 1605 4813 -

503 4923 736 5025 Terrigenae
756 4915 865 4995 dorda
886 4930 952 5014 per
967 4908 1064 4988 uada
1087 4904 1173 4981 salsa
1193 4897 1286 4985 tulr'3
1544 4890 1551 4916 ¹

428 5058 433 5063 ’
1013 5029 1048 5110 Ζ
1068 5052 1093 5107 a
