4809 6034
593 540 1513 624 PROLEGOMENA.
1623 567 1736 625 aaran

373 745 505 835 ouem,
535 740 641 839 quia,
678 752 719 812 ut
736 737 872 813 Seneca
891 735 1003 829 dixit,
1027 739 1191 836 sraquam
1208 740 1393 839 attigerit,
1429 742 1547 819 saxum
1572 743 1655 821 liat:
1693 740 1732 818 dt

374 906 522 980 arborea
541 899 579 974 in
603 895 786 974 Protesilai
810 910 1045 969 monumento
1068 894 1205 990 pofitae'
1224 898 1448 989 inarescere,
1476 919 1557 973 cum
1580 897 1618 972 in
1652 913 1734 975 tan·

375 1076 452 1137 tum
477 1072 691 1144 excrevere,
717 1050 771 1127 uti
786 1052 897 1151 Jliunr
924 1026 1122 1146 aspiciant„
1141 1051 1242 1149 quod
1266 1049 1306 1128 dt
1327 1053 1559 1131 Philostratus
1575 1056 1730 1133 testatur.

377 1216 503 1310 Aquae
525 1212 566 1286 in<
593 1207 774 1302 Crystallo
807 1206 985 1298 inclusae,
1013 1206 1151 1304 dequo
1176 1228 1341 1306 graecum
1365 1209 1417 1284 est
1440 1209 1634 1287 Claudiani
1653 1180 1735 1307 'epi-

378 1386 549 1467 gramma,
581 1363 856 1458 explicationem
882 1362 1078 1458 pleniorem
1103 1365 1140 1440 in
1165 1366 1321 1462 ejusdem
1345 1368 1478 1445 Po‘e’tae
1514 1365 1649 1441 Latinis
1674 1363 1735 1439 ha·
1817 1386 1819 1389 ·

375 1531 450 1606 bes·
502 1524 684 1611 Locorum
707 1520 845 1613 posrtva
870 1517 1074 1594 &nomina
1096 1521 1161 1618 qui
1183 1537 1306 1617 amat,
1342 1539 1383 1601 ut
1409 1521 1608 1609 difficiliora
1625 1540 1743 1619 quae·⁴

379 1681 458 1756 dam
484 1677 689 1773 attingam3
734 1671 889 1749 laudatas
922 1674 1012 1750 adeo
1046 1678 1169 1754 Poetis
1195 1678 1345 1773 Pythias
1369 1698 1478 1777 aquas
1509 1679 1546 1755 in
1571 1679 1742 1775 Bithynia

379 1839 473 1927 esse,
497 1855 545 1908 ex
570 1831 710 1906 Zonara
730 1830 768 1905 in
793 1828 1057 1924 Coustmtino,
1083 1832 1265 1928 Procopio
1289 1834 1341 1910 de·
1360 1836 1566 1932 operibus,
1606 1834 1745 1924 Niceta

383 1992 560 2067 Chouiate
594 1987 636 2060 dc
664 1984 740 2063 aliie
772 1984 896 2063 discet.
944 1988 1154 2082 Damalin,
1195 2013 1302 2089 quam
1330 2008 1372 2068 ut
1398 1994 1549 2073 'amicam
1582 1993 1743 2083 celebrat

381 2147 581 2247 Agathino,
632 2163 815 2219 amoenum
844 2146 1053 2225 euelocun
1078 2149 1114 2223 in
1140 2148 1272 2223 Peraea
1291 2148 1335 2223 ad
1354 2147 1742 2247 ¹Constantinopolim,

382 2306 428 2381 ob
455 2302 605 2378 stantem
620 2300 672 2375 ibi
694 2301 868 2396 juvencae
893 2302 1068 2402 effigiem,
1093 2305 1186 2380 idern
1204 2302 1350 2383 docebit
1370 2307 1532 2383 Nicetes.
1558 2309 1599 2382 In
1620 2266 1742 2382 eadem

380 2461 482 2536 fuiffe
511 2456 828 2552 Constantinopoli
852 2458 1079 2555 Zeuxippum
1098 2513 1116 2552 ,a
1134 2459 1306 2559 iuxtaque
1324 2463 1515 2557 balneum,
1543 2464 1746 2561 Procopius

381 2615 549 2712 operibus
574 2612 768 2711 iustiniani
787 2613 825 2688 dr
860 2613 997 2690 suidas.
1047 2616 1119 2691 Hic
1144 2615 1187 2691 dc
1209 2616 1445 2714 Magnauranr
1475 2620 1606 2698 ibidem
1629 2639 1746 2717 erpo·

380 2775 478 2850 litum
501 2773 648 2863 ventis,
669 2785 774 2868 atque
798 2770 882 2847 inde
907 2769 1040 2847 didium
1056 2771 1259 2865 Palatium,
1285 2771 1450 2870 ignorare
1476 2796 1552 2855 non
1574 2776 1668 2855 finit.

432 2924 749 3021 Constantinopoli
772 2927 852 3003 urbi
884 2926 1008 3002 datum
1040 2947 1061 3001 a
1096 2928 1244 3005 Graecis
1279 2950 1414 3009 nomeu
1448 2930 1568 3009 Sionis
1603 2952 1747 3025 novae,

342 3156 344 3160 ,
382 3080 486 3181 quod
504 3081 543 3157 in
567 3080 726 3155 veribus
750 3082 952 3178 reperitur,
997 3084 1075 3159 Leo
1099 3082 1138 3163 in
1167 3084 1344 3163 vaticiniis
1378 3086 1421 3163 dc
1449 3089 1489 3165 in
1514 3088 1747 3184 Chrysobulo

381 3237 558 3310 Emanuel
583 3235 792 3314 Comnenus
816 3239 960 3317 docent.
1013 3239 1157 3317 Veteris
1185 3243 1364 3321 Historiae
1389 3244 1551 3323 studiolis
1575 3244 1748 3323 affirmare

381 3393 487 3485 licet,
512 3392 601 3466 nihil
626 3393 663 3467 in
688 3414 728 3465 ea
753 3395 816 3469 esse
839 3395 1036 3490 illustrius,
1062 3399 1164 3496 quod
1187 3423 1262 3476 non
1286 3401 1352 3475 hic
1372 3401 1654 3476 vividashabeat
1677 3418 1749 3474 no«

382 3563 447 3621 tas.
494 3547 617 3620 Multa
629 3547 712 3620 talia
732 3547 922 3646 diligenter
939 3553 1144 3628 observavit
1164 3558 1220 3631 vit
1236 3556 1330 3631 inter
1348 3553 1595 3629 eruditissimos
1614 3551 1748 3627 haben·

384 3700 474 3793 dus,
499 3699 602 3774 etiam
621 3700 1119 3796 sihocnatusessetseculo,
1156 3706 1431 3804 Joramrvrvus
1454 3707 1750 3786 Baonnuus..

384 3855 523 3934 Addam
548 3854 720 3953 quaedam
744 3822 861 3931 minus
884 3818 1015 3953 obvia,
1049 3878 1103 3937 ut*
1114 3862 1342 3959 iuventutem
1366 3842 1412 3938 ad
1433 3866 1554 3942 finilia
1578 3824 1753 3940 excitem..

384 4012 563 4091 Proetidas
588 4033 608 4086 a
630 4013 869 4113 >Melampode
892 4034 1090 4114 purgatas,
1117 4020 1253 4096 infedlo
1284 4022 1388 4097 fonte
1414 4022 1478 4097 ubi
1499 4022 1623 4095 solitae
1642 4033 1751 4095 eraut.

384 4172 507 4249 bibere
531 4168 721 4266 (herbam,
746 4191 838 4267 quae
862 4172 1016 4249 insaniae
1043 4174 1234 4269 subvenit,
1260 4176 1419 4251 nominat
1443 4175 1580 4249 Plinius
1587 4175 1612 4273 l
1640 4175 1751 4250 triam·

385 4350 436 4404 tx
458 4327 586 4404 Servio
607 4324 651 4399 ad
676 4328 837 4425 eclogam
855 4332 995 4419 ¹seuram
1014 4331 1139 4410 discas.
1191 4334 1358 4425 Babylon
1374 4330 1567 4426 Nymphae
1589 4351 1750 4421 nomen„

384 4496 427 4561 ut
451 4481 488 4557 io
511 4479 617 4556 laude
641 4483 761 4577 operis
788 4484 982 4580 Herodici,
1026 4488 1075 4563 ita
1098 4486 1194 4586 apud
1225 4489 1380 4564 Plinium
1405 4489 1498 4564 libro
1522 4490 1672 4585 septimo
1693 4486 1747 4560 le,

386 4641 494 4738 gitur.
546 4637 604 4712 De
629 4639 718 4712 sono
742 4638 867 4713 audito
892 4662 937 4716 ex
971 4643 1092 4739 Aiacis
1118 4644 1374 4738 monumento,
1408 4650 1469 4745 qui
1493 4648 1597 4725 heroi
1621 4643 1747 4720 corvi.

389 4795 540 4873 dantem.
558 4793 682 4872 terruit
690 4846 712 4889 ,2
729 4796 884 4873 narratio
906 4798 1003 4893 apud
1025 4796 1360 4884 Philostratumest.

1072 4957 1122 4998 ¹⁸*
1147 4979 1180 5056 3,
1653 4956 1744 5033 Besa
