4809 6034
638 623 1271 709 LIBERPRIMUS.
1557 647 1637 732 271¹

685 849 1218 943 XV11.lrtcettrr,

625 1280 629 1286 .
779 1108 1123 1284 flnArtstoplarm.

377 1495 506 1572 Cernis
535 1490 786 1590 Aristophanis
821 1489 917 1565 lacta
943 1493 1122 1586 carmina,
1147 1491 1251 1591 queis
1266 1492 1314 1571 ab
1338 1491 1516 1578 Aclrarnia

421 1622 609 1695 Florentes
630 1617 782 1693 hederae
807 1617 979 1693 circuiere
1006 1639 1138 1697 comas.

375 1747 508 1842 Aspice
532 1765 635 1844 quarn
659 1746 775 1819 multo
799 1744 956 1838 rapietur
979 1745 1109 1842 pagina
1132 1743 1301 1837 Baccho,

419 1872 531 1947 Plena
554 1871 695 1967 quidem
719 1871 925 1961 Venerurn,
948 1870 1009 1943 sed
1032 1869 1221 1949 metuenda
1244 1886 1376 1948 tamen.

374 1998 542 2074 Moribus
569 2017 594 2071 o
622 1996 771 2072 Graecis
793 1996 972 2092 prudente
996 1998 1154 2073 salutifer
1178 1997 1257 2088 ira,

423 2121 582 2199 Maxime
608 2121 671 2197 seu
697 2122 812 2215 rides,
838 2121 1010 2216 Comice,
1034 2126 1108 2201 ssve
1131 2139 1276 2201 nooes.·

676 2436 1245 2534 XVHLIncearm

813 2753 870 2833 De
895 2755 1101 2836 Menandro.

374 3078 544 3159 Infudere
567 3076 634 3154 nbi
656 3074 779 3153 nedae
801 3073 846 3150 de
869 3075 1019 3153 flonbns
1048 3089 1193 3169 ortum,
1264 3119 1269 3126 ι

420 3206 608 3283 Pieridum
623 3224 767 3300 campos
792 3223 884 3300 quae
906 3205 1126 3300 populantur
1148 3222 1263 3300 apert
1330 3201 1333 3208 '

376 3335 556 3411 Sermonis
579 3330 744 3419 facilem,
770 3328 911 3425 qualem
939 3330 1019 3405 vult
1044 3330 1187 3423 fabula,
1212 3327 1359 3405 dudum

424 3457 547 3532 Gratia
570 3456 718 3531 donavit
744 3456 857 3544 trina,
881 3455 1106 3548 Menandre,
1129 3454 1209 3532 tibi.
1323 3541 1331 3550 ,
1495 3449 1502 3461 '

370 3583 588 3676 Perpetuunr
612 3581 727 3653 vives.
754 3600 846 3676 quae
873 3579 918 3654 de
948 3598 984 3654 te
1015 3581 1129 3678 surgit
1157 3578 1312 3656 Athenis

420 3704 569 3795 Gloria,
592 3702 764 3778 coelestes
787 3706 888 3777 venit
910 3705 955 3776 ad
981 3723 1092 3800 usque
1115 3701 1257 3779 domna.

419 4022 540 4101 XIX.
573 4021 884 4101 rimarentur
922 4018 1495 4100 Turratecorrrcrrrtarat

370 4343 483 4418 Parve
513 4338 714 4416 cicadarum
739 4359 799 4413 ros
824 4340 979 4434 pocula:
1005 4337 1066 4413 sed
1082 4355 1198 4414 tamen
1226 4337 1325 4414 illum

423 4465 514 4541 Cum
537 4465 716 4556 biberint,
741 4484 882 4562 cygnus
908 4485 982 4540 non
1006 4465 1153 4539 meliora
1178 4466 1286 4541 canit.

372 4591 431 4665 sic
455 4595 547 4667 bene
574 4590 776 4685 promeritis
801 4589 964 4687 quamvis
991 4611 1228 4685 promouere
1253 4606 1356 4668 vates

421 4715 571 4810 Exiguo
595 4714 751 4790 reddunt
777 4715 940 4791 carminis
966 4732 1041 4790 arte
1072 4719 1199 4796 vicem.

268 4827 271 4834 ’
370 4840 474 4916 Hanc
498 4840 654 4935 primum
680 4841 745 4915 tibi
768 4841 882 4915 reddo
900 4842 1014 4918 vicem
1036 4864 1139 4938 quam
1167 4843 1310 4921 debeo:
1334 4843 1445 4922 Parca

420 4964 576 5060 Siverit,
597 4968 637 5043 in
660 4966 790 5045 cbmrb
817 4968 922 5063 saepe
945 4967 1065 5065 legere
1091 4970 1193 5047 meir.

1513 5088 1634 5167 Ceu.-
