4809 6034
649 588 900 673 LIBER
939 592 1279 726 emens,

545 921 584 999 Τ
624 924 645 1001 1
684 924 721 1003 T
765 926 806 1002 U
844 928 878 1004 L
920 928 1028 1007 US
1079 926 1388 1008 Lxxxvm

792 1136 861 1222 De
898 1136 1142 1227 Prudentia.

753 1388 1165 1468 Leucerae

353 1707 358 1716 ¹
387 1607 581 1685 confilium
604 1607 731 1709 melius
756 1606 858 1705 quod
881 1606 982 1682 tarde
1005 1607 1177 1683 sumitur:
1200 1607 1294 1684 illue

436 1733 548 1834 Quod
570 1749 740 1832 properat
762 1733 844 1831 post
867 1734 904 1809 se
927 1733 1143 1830 poenituisse
1168 1732 1291 1810 trahit.

764 1973 1198 2049 ILIacrara

392 2207 542 2282 Caetera
564 2210 626 2307 qui
647 2230 780 2300 verax,
805 2209 843 2284 in
868 2223 906 2283 te
932 2213 1103 2283 mentitur
1131 2211 1339 2305 Homerus,
1455 2203 1457 2212 '‘

391 2332 557 2411 consilia
580 2335 755 2430 juvenum
771 2331 833 2428 qui
855 2331 1000 2428 pondus
1021 2334 1131 2410 ineffe
1155 2336 1313 2430 negavit„

580 2679 1485 2788 Trimammium·-

853 2887 923 2975 De
951 2886 1090 2974 Caris.

723 3141 1251 3223 I.Mrrrrearemr.·'

389 3382 508 3457 Dulce
532 3378 632 3477 quod
654 3378 707 3453 est
729 3380 847 3455 animo
871 3397 970 3455 curae
994 3398 1067 3453 nec
1087 3378 1223 3472 respice
1246 3378 1406 3479 vulgara

438 3507 509 3582 Hic
532 3504 622 3577 male
647 3501 673 3576 ss
697 3502 741 3575 de
767 3519 803 3577 te
825 3504 950 3596 fatur,
975 3519 1011 3579 at
1031 3502 1094 3576 ille
1117 3503 1227 3578 bene.

720 3737 1218 3817 lLPaLranam

391 3981 431 4056 Si
456 3976 541 4076 quid
566 3995 652 4050 cura
676 3977 796 4068 vaiet,
820 3997 919 4053 carras
943 3997 1067 4055 curare
1090 3991 1299 4056 mementoa

442 4106 505 4179 Sin
531 4120 571 4178 tu
595 4120 681 4175 cura
704 4101 791 4193 Dei,
815 4104 901 4200 quid
925 4120 986 4179 tua
1008 4125 1094 4180 cura
1117 4104 1234 4179 faciti

391 4234 539 4328 Absque
565 4227 648 4301 Deo
673 4227 771 4301 nulla
794 4228 846 4301 est
868 4230 1024 4318 incuria,
1050 4248 1133 4303 cura
1147 4249 1217 4303 nec
1240 4226 1341 4316 ulla,

439 4351 581 4448 Nempe
607 4349 696 4448 quid
722 4368 763 4426 ut
787 4370 912 4442 cures,
939 4365 1038 4426 curat
1063 4351 1102 4426 id
1125 4351 1202 4448 ipse
1226 4347 1347 4425 Deua.

730 4587 1205 4687 HLEJUsnem

392 4828 496 4930 Quid
520 4821 656 4905 tantum
680 4828 830 4926 imagis,
856 4846 938 4903 cum
960 4829 1048 4904 sorti
1071 4823 1234 4903 subditus
1252 4822 1311 4902 iffi

442 4955 579 5048 Vives,
602 4954 726 5034 natalia
751 4974 858 5052 quam
881 4950 981 5027 dedit
1003 4953 1094 5026 hora
1117 4949 1195 5029 tibi.

985 5076 1058 5156 Xx
1082 5098 1109 5175 3
