4809 6034
619 541 1392 660 uranusncuunua

424 804 478 882 Et
498 824 576 881 rum
602 804 773 880 sideribus
788 805 885 880 nunc
909 804 946 880 se
971 816 1062 900 puto
1088 804 1277 895 volveret,
1301 801 1441 902 ipsun,
1511 809 1535 884 ’,

473 930 527 1004 Ni
550 931 641 1025 pede
667 929 830 1006 vinriliet
856 944 976 1004 textus
998 931 1195 1006 araneolae.

421 1056 518 1133 Hinc
541 1056 603 1134 ubi
628 1055 789 1154 quinque
814 1053 890 1130 dier
915 1057 952 1132 δι
978 1055 1102 1133 notter
1125 1060 1288 1156 quinque
1311 1056 1507 1155 pependit,

470 1185 650 1281 Repperit
671 1182 716 1257 ad
741 1201 850 1258 terras
872 1182 931 1308 fila
955 1206 1021 1280 per
1044 1183 1105 1260 illa
1130 1186 1237 1262 viam.

737 1463 1250 1563 XVLEJusnrm
1348 1411 1355 1425 ·

420 1747 632 1823 Chaeremon
655 1744 754 1820 foliis
776 1760 888 1820 vento
912 1745 1145 1823 volitantibus
1169 1745 1278 1842 illus,

460 1874 618 1967 Populea
646 1871 775 1948 cecidit
798 1870 930 1946 fronde
955 1871 1101 1966 supinus
1126 1873 1248 1948 humi:

415 1999 578 2097 Qualiter
599 2017 661 2073 aut
687 1997 823 2091 Tityus
845 1997 962 2092 jacet,
985 2013 1048 2073 aut
1072 2020 1179 2074 eruca
1202 2021 1269 2095 per
1293 1998 1467 2094 herbam,

462 2123 521 2197 Sic
543 2123 689 2197 metitur
712 2124 861 2198 humum
885 2147 1039 2224 corpore
1063 2126 1277 2203 cannabino.

664 2394 1279 2483 'XVILNrceucu'n

408 2685 601 2760 Certavere
623 2685 726 2761 leues
747 2701 820 2762 tres
843 2685 890 2761 de
913 2686 1069 2762 levitatis
1093 2686 1264 2779 bonore,

453 2813 626 2890 Vinceret
649 2813 777 2888 eximia
802 2814 884 2912 quie
907 2813 1054 2890 levitate
1078 2814 1193 2891 leves.

403 2941 565 3016 Hermon
589 2955 671 3016 ante
694 2941 782 3013 alios
806 2939 976 3037 insignem
1002 2934 1164 3036 prodidit
1187 2953 1322 3033 artem,

368 3045 390 3162 J
449 3066 704 3163 Transsvirque
726 3066 870 3142 trahens
890 3066 948 3143 fila
963 3066 1125 3141 foramen
1148 3084 1245 3140 acras.
1347 3141 1351 3146 .

401 3194 578 3268 Exoriens
603 3193 758 3284 Demas,
782 3191 1000 3289 quemfecit
1024 3211 1172 3285 aranea,
1196 3193 1289 3268 telae

438 3320 603 3424 'Institit,
629 3337 731 3414 atque
756 3319 817 3392 illa
860 3334 969 3392 nente
987 3320 1163 3412 pependit
1178 3321 1242 3395 ibi.
1399 3393 1405 3401 ,

401 3447 453 3521 At
477 3445 585 3536 mibi,
602 3445 804 3538 Solipater,
830 3443 979 3538 palmam
1004 3441 1110 3517 date:
1136 3445 1273 3542 quippe
1295 3465 1371 3546 ego
1384 3457 1524 3524 tanturn

411 3619 415 3624 -
447 3571 622 3667 Spiritusr
649 3569 686 3644 ἃ
711 3569 811 3643 cerni
830 3568 857 3641 fi
876 3588 997 3663 queo,
1020 3571 1171 3662 vincor,
1192 3572 1257 3648 ait.

679 3850 857 3929 XVIII.
904 3850 1281 3931 Lucrrnrr.

396 4136 491 4211 Cum
509 4151 655 4232 cuperet
679 4136 799 4211 tenuis
822 4134 1056 4229 Diophantus
1079 4158 1244 4234 rumpere
1268 4137 1404 4229 vitam,

441 4265 572 4354 Viuxit
594 4264 750 4337 araneoli
774 4263 918 4340 stamine
943 4261 1037 4337 colla
1063 4262 1139 4336 subi.
1252 4371 1253 4374 Ν
1337 4281 1346 4294 ·

682 4541 1253 4624 ΧΙΚΑοΛτΗιΑι.

388 4827 458 4904 Par
480 4815 713 4901 tenui'vento
737 4847 895 4923 uereque
919 4826 1106 4903 umbratile
1128 4844 1286 4920 corpur,

297 5025 304 5034 ‚
436 4950 496 5027 Ne
519 4949 669 5047 propius
692 4971 904 5050 quemquam
927 4951 1168 5049 conspiciare,
1190 4969 1295 5028 cave.

1600 591 1685 694 em
