4809 6034
648 566 904 649 LIBER
952 567 1289 655 PRIMUS.

398 795 495 875 Huic
509 814 600 891 rogo
624 807 660 869 te
681 797 871 892 permitte:
899 814 987 873 cave
1008 799 1228 875 contendere
1243 800 1342 877 fatos

446 924 530 998 Hoc
554 919 655 1019 quod
682 942 743 1013 es,
768 924 836 996 elle
856 923 968 1014 velis,
994 925 1036 1000 lit
1055 924 1122 1000 tibi
1149 944 1230 999 cam
1257 927 1374 1023 quies.

396 1053 475 1127 Aut
494 1049 549 1125 vis
573 1048 687 1145 lique
711 1049 808 1123 valet
832 1049 904 1125 vim
933 1050 1000 1125 fati
1019 1051 1187 1143 vincere,
1211 1053 1400 1151 plusquam

443 1176 530 1250 Fata
545 1174 699 1271 volunt,
723 1175 841 1253 animo
868 1177 993 1276 gaudia
1020 1197 1149 1278 qiuere
1184 1194 1261 1255 tuo.

682 1494 1268 1590 urruuus,xc.
1373 1455 1376 1461 ’

818 1687 888 1774 De
926 1684 1123 1804 Tempore.

740 1957 1205 2056 1„Prirouru

388 2218 517 2293 Omnia
538 2217 612 2291 fert
638 2231 758 2307 aetas,
782 2228 967 2307 naturam,
991 2213 1159 2305 nomina,
1183 2217 1360 2316 formam,

311 2412 314 2419 .
430 2344 695 2441 Fortunamque
720 2342 812 2419 solet
828 2357 969 2452 vertere
989 2338 1098 2437 longa
1123 2338 1212 2416 dies.

734 2597 1163 2677 illucerru

384 2825 587 2904 Canescens
612 2839 752 2919 tempus
779 2822 842 2897 vix
876 2823 929 2898 est
955 2820 1164 2899 tolerabile:
1190 2841 1301 2934 uoces

431 2952 527 3048 Ipsas
551 2972 598 3026 ex
621 2949 804 3026 hominum
830 2946 976 3061 surripit
999 2970 1063 3025 ore
1087 2947 1187 3028 dies:

381 3079 459 3175 Ipsa
477 3081 590 3156 latens
612 3076 687 3178 (est
710 3071 810 3174 quod
831 3069 982 3170 mirere)
1005 3074 1165 3170 patentia
1184 3073 1284 3152 delet

428 3205 603 3283 Plurima:
629 3223 790 3302 quaeque
814 3204 929 3279 latent
950 3201 1011 3277 illa
1032 3220 1156 3299 patere
1179 3202 1283 3282 facit.

722 3455 1182 3533 HLIucrnru
1275 3507 1279 3515 -

381 3715 571 3793 Terminus
594 3713 750 3787 incertus
774 3708 892 3785 vitaer
919 3703 1103 3781 eertiillmr
1131 3707 1193 3784 sed
1217 3730 1298 3802 res,

427 3841 487 3917 Ad
511 3841 674 3918 tenebras
699 3836 817 3930 nasci,
839 3854 934 3934 quos
962 3833 1056 3929 parit
1080 3834 1143 3913 ills
1171 3836 1263 3914 dies.

729 4092 1242 4191 lV.1rscurrr,‚

800 4282 857 4362 De
882 4283 996 4381 Beryti
1019 4279 1111 4381 casu.

373 4547 459 4623 lllos
483 4543 547 4642 qui
570 4541 752 4637 superant,
774 4535 946 4614 haeredes
969 4535 1089 4612 dicere
1113 4537 1213 4629 noli,

422 4668 624 4761 Haeredes,
648 4688 742 4764 quos
761 4686 858 4740 mors
887 4663 1055 4755 abstulit,
1080 4665 1148 4739 effe
1175 4677 1278 4759 pute.

375 4801 594 4895 Magnorum
617 4793 704 4868 licet
726 4788 895 4866 haeredes
919 4789 1041 4866 dixisse
1062 4791 1263 4886 bonorum,
1356 4817 1359 4822 ·

422 4920 558 5001 Taedia
575 4923 640 5017 qui
656 4918 751 4996 vitae
775 4932 872 4995 tante
904 4916 1147 4993 lucrifaciens

1417 5041 1469 5120 V.
1493 5044 1636 5125 Aurum
