4809 6034
766 544 1021 629 LIBER
1067 541 1426 628 aninlo.-

487 778 549 857 Ad
572 776 668 852 sacru
691 772 842 852 Gradivi
864 772 1035 851 stillantes
1060 773 1233 873 sunguine
1258 772 1353 849 ferte

536 903 719 981 Exuvias:
745 901 834 978 naec
857 922 960 992 non,
983 899 1071 976 haec
1096 901 1193 978 bona
1218 900 1294 976 sola
1317 898 1457 997 iuvant.

779 1209 834 1284 ii.
885 1210 1350 1300 Auctnnnna,

973 1496 1015 1571 de
1034 1496 1154 1572 eodem·

484 1809 592 1887 Scuta
617 1803 698 1903 quis
723 1802 784 1878 hic
809 1801 935 1898 posuit
956 1800 1212 1899 splendentia,
1246 1801 1327 1898 quis
1351 1800 1423 1878 me
1447 1782 1553 1883 iorde

531 1933 706 2033 Spicula,
737 1951 803 2005 cur
829 1944 1004 2028 nusquam
1032 1928 1183 2005 vulnera
1203 1925 1301 2005 caffis
1326 1928 1474 2010 habeti

480 2057 646 2135 indecori
671 2059 772 2134 cultu
802 2057 957 2131 Martem
986 2057 1167 2133 decorasse
1196 2056 1371 2153 putastis,

528 2184 696 2263 Nemone
719 2184 782 2259 hm
806 2202 919 2281 nugas
939 2184 1045 2259 tollet
1068 2187 1115 2279 ab
1141 2178 1227 2258 aede
1254 2186 1364 2260 mea?
1483 2234 1486 2241 ‚

476 2311 577 2387 Haec
603 2308 776 2404 iuvenum
800 2314 968 2406 poterant
991 2308 1147 2387 tabulata
1177 2308 1355 2387 madentia
1380 2308 1492 2408 vino,
1570 2329 1576 2343 ·

525 2434 615 2510 Non
632 2435 815 2511 bellatoris
834 2432 927 2509 tedia
946 2433 1074 2511 decere
1089 2435 1176 2512 Dei.

474 2563 527 2638 At
548 2561 634 2637 mihi
659 2563 836 2658 perfossus
865 2562 1030 2659 thorax,
1059 2560 1241 2661 saniesque
1268 2564 1429 2642 virorum

524 2688 686 2784 Dulcia,
717 2688 896 2766 iimerito
921 2686 1022 2770 Maro
1045 2687 1224 2767 homicida
1248 2708 1378 2767 vocor.

735 2979 818 3059 111.
867 2957 1348 3074 Munsancna,

929 3273 975 3352 ud
990 3273 1164 3353 tenerem.

417 3622 449 3641 ..
467 3553 600 3632 Fistula
626 3558 714 3654 quid
737 3558 826 3635 facis
845 3559 939 3634 hici
969 3561 1061 3659 quid
1090 3556 1265 3654 Cypridis
1291 3573 1355 3631 ora
1381 3557 1541 3655 petisti?
1626 3626 1629 3633 .

518 3683 618 3783 Quid
644 3685 709 3761 tibi
727 3682 909 3780 pastorum
929 3686 1096 3784 linquere
1120 3685 1220 3760 labra
1241 3682 1342 3759 initi
1378 3726 1383 3733 ·
1565 3782 1568 3787 Ἴ

467 3806 556 3883 Non
580 3808 694 3909 juga,
729 3835 804 3889 non
828 3812 938 3889 ualles
963 3810 1022 3884 hic
1042 3810 1150 3904 sunt,
1186 3811 1249 3886 sed
1268 3811 1398 3891 amoris
1420 3830 1588 3897 amoenae

513 3933 707 4034 Deliciae,
735 3936 845 4015 ultus
870 3937 999 4014 rustica
1024 3937 1132 4014 Musa
1159 3938 1271 4041 cupit.

641 4224 724 4306 iu
776 4229 1444 4324 Hunnocnuounnm

774 4580 777 4589 .
916 4517 962 4595 ad
978 4518 1163 4620 Nymphas.

460 4799 627 4895 Naides,
662 4802 911 4887 Hermocreon
937 4780 1006 4887 isto
1030 4828 1117 4911 quas
1136 4824 1288 4887 munere
1313 4808 1425 4894 donet

502 4928 685 5010 minantis
710 4935 828 5011 vitreo
853 4934 957 5015 fonoe
983 4950 1149 5037 remmon
1174 4956 1297 5038 aqme.

1695 567 1753 649 ιε’
