4809 6034
369 589 427 726 ¹·
623 597 1406 686 rrnnnsrcuuoos.
1624 623 1705 709 313

436 833 576 921 Temo,
601 830 714 923 stiva,
736 832 850 908 bove·
875 827 913 908 dc
939 828 1028 906 dens
1058 830 1233 907 incuwus
1253 829 1385 924 metri,

487 958 593 1053 spica
611 960 737 1049 linus,
762 972 882 1051 raptae
901 957 1055 1053 pignore
1080 956 1339 1053 Persephones.

363 1103 368 1120 ¹
439 1085 586 1186 Quippe
611 1086 716 1160 etiem
735 1083 840 1160 nohis
862 1103 904 1157 os
930 1082 956 1156 sr
981 1080 1066 1178 quid
1092 1084 1219 1176 poscat
1243 1084 1288 1159 ad
1307 1084 1437 1181 escam,

485 1211 712 1290 Consobrina
733 1208 978 1307 neriprnula
1003 1205 1166 1287 sufficiet.

641 1508 780 1588 XXV.
819 1510 979 1588 Pnurr
1015 1508 1417 1589 Srrrurrnnrn

436 1746 558 1823 Risori
578 1743 723 1820 Bromio
750 1762 889 1817 mecum
916 1742 1047 1834 lucre,
1075 1743 1235 1839 sodales,

481 1873 533 1949 Et
555 1870 681 1968 phialis
704 1888 803 1946 curus
828 1867 962 1944 trudite
985 1868 1182 1948 carnifices.

434 2002 625 2099 Agricolae
648 2000 763 2073 laxam
786 1995 954 2094 patientis
972 1995 1099 2070 farciat
1126 1997 1248 2071 alvum

483 2127 605 2199 Mater
629 2121 809 2219 regnantis
832 2136 930 2195 trans
959 2120 1072 2217 Styga
1092 2121 1352 2218 Persephones.

443 2251 541 2353 Quid
563 2248 649 2322 mihi
668 2266 748 2320 cum
771 2263 876 2318 carne
901 2242 980 2317 esti
1000 2244 1142 2338 pascant
1165 2245 1408 2343 volucresque
1426 2246 1591 2352 serasque

490 2372 640 2451 Prandia
654 2370 699 2444 de
719 2370 822 2443 caeso
837 2368 1105 2466 sanguinolenta
1129 2368 1239 2444 bove.

436 2502 594 2584 Laedere
617 2511 698 2573 nata
712 2494 821 2570 cuu'm
844 2493 888 2568 de
913 2493 1069 2589 piscibus
1097 2496 1168 2571 ose
1191 2494 1385 2596 relinquo,

440 2681 444 2692 ,
488 2630 555 2705 His
580 2625 644 2725 qui
667 2625 749 2719 plus
778 2620 913 2694 Orcum
937 2618 1072 2694 lumine
1095 2619 1176 2695 sollr
1191 2637 1322 2698 amant.
1388 2597 1390 2602 s

438 2757 558 2837 Dulce
580 2772 714 2827 rnerurn
734 2748 838 2824 nobis
865 2747 999 2842 pariter
1017 2763 1209 2845 potusque
1226 2749 1420 2853 cibusque,

488 2880 571 2958 Hoc
596 2876 677 2955 satir
694 2874 767 2950 est:
791 2888 935 2974 quaerat
959 2871 1020 2972 qui
1044 2872 1144 2951 volet
1162 2871 1396 2956 Ambrosiam.

600 3172 769 3253 XXVI.
803 3172 1137 3267 Mncroourr,
1177 3170 1456 3258 concurre.

440 3413 567 3492 Dorus
590 3406 668 3481 heri
681 3402 841 3477 medicus
862 3420 1013 3501 propter
1035 3426 1092 3480 me
1115 3407 1275 3485 constitit
1297 3427 1467 3509 aegrum,
1577 3413 1592 3421 “

489 3538 627 3632 Meque
651 3532 704 3607 uti
727 3529 844 3605 vetuit
867 3551 1036 3622 munere,
1059 3530 1223 3624 Bocche,
1247 3549 1326 3610 tuo.

441 3666 569 3744 Vanus
591 3659 699 3736 horno
722 3658 768 3734 de
792 3656 898 3735 sonte
921 3659 1040 3734 biham
1060 3656 1179 3753 iubet:
1207 3658 1389 3735 immemor
1412 3659 1527 3760 ipsum

490 3786 711 3868 Maeoniden
741 3783 895 3862 hominls
918 3783 992 3860 vim
1017 3783 1184 3864 vocitasse
1207 3806 1356 3866 merum.

709 4081 1353 4168 XXVH.Peuueoeu

443 4320 628 4403 Debemur
651 4313 759 4389 morti
781 4332 849 4390 noe
874 4308 1088 4407 nostnqucr
1115 4328 1222 4390 oeno
1240 4311 1366 4393 bertus

495 4445 624 4548 Usque
648 4439 740 4518 ideo
765 4439 822 4518 cui
846 4438 889 4517 ut
913 4436 1060 4516 crastina
1085 4451 1181 4511 certa
1203 4437 1292 4514 dies.

445 4575 546 4657 Haec
570 4572 679 4649 horno
704 4589 783 4646 curu
808 4565 932 4656 noris,
963 4580 1071 4656 temet
1095 4583 1256 4642 recreare
1270 4580 1473 4661 memento,

500 4701 550 4782 Et
575 4700 707 4782 Lethes
731 4694 845 4775 Lethe
870 4694 913 4771 lit
935 4690 1002 4772 tibi
1025 4689 1131 4769 dulce
1154 4711 1308 4770 merum.-

446 4827 541 4908 Vlvc
567 4827 604 4903 lo
629 4842 809 4926 quemque
833 4819 926 4899 dieu
951 4817 1331 4922 impeditiorque,
1351 4818 1569 4923 jounrque,

501 4950 652 5034 ereren
675 4948 879 5045 london,
902 4946 1031 5038 crede,
1055 4944 1118 5028 sed
1138 4945 1202 5028 lile
1227 4960 1297 5030 cur.

977 5072 1063 5154 'itt
1085 5073 1121 5153 e*
1414 5072 1593 5156 XXVIII.
1616 5078 1707 5162 Me»
