4809 6034
587 313 598 324 .
737 275 754 324 l
800 288 805 298 ·

709 595 1380 699 immutamus„
1641 625 1718 704 ¹2³

457 826 558 905 Pacis
583 842 675 921 opus
699 823 839 900 nullum
862 824 1042 922 fugimus:
1068 824 1130 902 sed
1160 840 1202 903 tu
1227 848 1398 928 quoque,
1425 825 1578 920 Nerea,

502 952 726 1052 Delphinum
746 948 845 1027 ferro
870 971 956 1026 rura
978 952 1096 1028 secare
1119 952 1227 1029 doce,

639 1243 743 1322 v11.
779 1242 1430 1337 Gtuuuu1e1„C.tusaurs0

456 1516 604 1592 Decidit
626 1517 664 1594 in
688 1519 836 1615 pelagus
851 1517 987 1592 summo·
1007 1517 1052 1592 de
1072 1519 1226 1595 culmine
1251 1518 1408 1611 montis,

504 1644 651 1720 Evitare
675 1664 803 1720 canum
826 1642 907 1719 dum
942 1645 1044 1741 cupit
1066 1665 1150 1739 ora,
1173 1646 1277 1743 lepus
1286 1667 1304 1721 a
1431 1663 1435 1668 ·

457 1771 542 1846 Huc
561 1791 706 1868 quoque
723 1772 947 1869 persequitur
962 1772 1052 1845 mala
1067 1771 1166 1864 sors,
1192 1770 1231 1847 δι
1248 1772 1288 1848 in
1306 1788 1460 1870 aequora
1477 1768 1619 1871 lapsum

502 1896 644 1991 Arripit
668 1915 870 1994 aequoreus
893 1895 1134 1996 dilaceratque
1161 1898 1272 1974 canis.

427 2090 430 2096 ,
455 2021 615 2119 Exigue
635 2022 672 2098 in
692 2022 861 2099 flammam
880 2021 964 2100 ruir.
985 2041 1030 2097 an
1045 2021 1117 2097 fuit
1138 2023 1210 2098 hoc
1235 2022 1301 2099 tibi
1316 2020 1455 2121 fatum,

504 2148 561 2223 Ut
585 2149 731 2227 canibus
756 2164 851 2227 terra
873 2148 1005 2248 praeda
1019 2149 1151 2227 marive
1169 2149 1301 2229 fores?

774 2438 1302 2537 VIII.EJusnru.

380 2795 389 2803 ‚
456 2704 517 2781 De
541 2724 630 2784 cane
653 2709 831 2787 servatum
859 2708 957 2786 canis
981 2710 1130 2806 arripit,
1159 2728 1319 2809 aequore
1343 2711 1427 2786 nata
1515 2741 1519 2752 =

501 2832 574 2907 Vel
602 2835 704 2911 terris
728 2835 861 2931 pariter
875 2858 932 2912 me
957 2843 1087 2935 premit
1105 2837 1157 2913 ira
1185 2857 1326 2915 canum.
1399 2835 1403 2838 ’

451 2958 518 3034 Nil
542 2959 644 3037 vobis
664 2975 807 3056 tutum,
830 2965 997 3060 lepores,
1023 2965 1089 3041 niii
1111 2964 1244 3041 fidera:
1271 2982 1396 3040 vetum
1536 3003 1542 3016 ·
1661 2997 1664 3004 ·

502 3085 601 3163 Tuta
621 3109 695 3201 {nec
716 3087 827 3182 haee,
852 3089 999 3190 quando
1025 3092 1078 3169 est
1097 3092 1193 3172 inter
1217 3090 1255 3170 &
1284 3090 1375 3188 astra
1391 3091 1517 3182 cauit..

645 3437 657 3484 ·.
736 3441 741 3450 .
815 3382 1266 3482 liturarum,
1392 3389 1458 3463 ,’

450 3645 559 3723 Retia
582 3646 740 3744 vitarat,
759 3650 821 3759 sed
847 3673 922 3731 non
946 3674 1059 3753 genus
1082 3675 1164 3731 acre
1187 3654 1363 3732 moloss'us·

504 3773 560 3848 Ut
584 3773 751 3873 fugeret,
774 3779 893 3875 lepori
920 3781 1001 3878 sper
1026 3799 1103 3858 erat
1125 3784 1199 3858 ulla
1223 3783 1349 3879 super.

450 3899 579 3975 Deiilit
604 3900 642 3976 in
660 3899 816 3996 fluuius,
840 3903 973 3982 fluetus
1003 3909 1085 4005 quia
1111 3906 1247 3984 saevior
1265 3909 1371 3985 iuiiat

498 4027 542 4102 ln
568 4026 718 4121 scopulo
742 4032 906 4125 pressans·
925 4030 1086 4131 undique
1109 4036 1218 4114 turbu
1232 4053 1370 4110 canum»

455 4152 526 4229 Sed
549 4153 646 4230 cauis
667 4154 748 4229 heiu
771 4158 935 4235 miserum
963 4160 1133 4258 laceravit
1154 4160 1264 4238 dente
1285 4159 1472 4253 marinus,

502 4279 662 4360 Omnino
687 4282 833 4359 canibus
855 4282 999 4361 debitus
1020 4285 1082 4359 ilie
1107 4284 1197 4362 fuit,
1222 4312 1225 4318 ·

802 4575 1270 4658 X.Fnrr1ruu

448 4842 552 4919 Dum·
563 4844 823 4926 circumfiliunt
836 4849 1158 4928 sulcantes'Nerea·
1174 4849 1337 4949 pupper'

495 4968 699 5068 Delphini,
718 4975 837 5073 pisces
855 4976 955 5053 sueta
973 4996 1101 5054 vorare
1127 4976 1287 5069 cohorra·

1018 5100 1057 5179 R
1082 5123 1109 5201 3.
