4809 6034
562 617 1361 709 a1nnrtsucunouu.
1582 631 1664 727 '403
1756 677 1763 684 .

401 841 453 927 Et
478 848 543 927 tini
565 848 759 931 debuerant
782 854 873 954 poni
895 853 1073 955 fulgentia
1096 854 1252 951 templa,

451 980 594 1076 Araque
618 995 796 1077 perpetuo
824 980 915 1058 turio
937 980 1078 1058 honore
1102 981 1235 1058 caleno.
1331 995 1339 1003 ·

403 1104 500 1183 Nam
525 1105 605 1182 fora
626 1107 733 1200 plena
749 1105 823 1201 tui,
847 1107 974 1204 plenae
1003 1108 1088 1185 sunt
1109 1105 1274 1205 aequoris
1302 1103 1419 1185 undae

450 1231 501 1308 Et
524 1247 678 1329 portua,
703 1232 808 1309 altrix
833 1234 968 1331 optima
994 1234 1245 1312 Grammatico.

778 1504 1207 1586 lecanaa

402 1730 483 1806 Vos
507 1728 636 1827 quibus
661 1727 700 1805 in
726 1747 839 1806 coena
867 1747 1007 1830 nugae,
1032 1729 1078 1805 de
1101 1729 1258 1807 carmine
1284 1729 1388 1823 lites,

454 1858 506 1932 Et
528 1869 586 1930 tot
610 1853 806 1931 Aristarchi
830 1877 940 1934 curva
963 1872 1108 1955 reperta
1128 1860 1285 1956 placent.

406 1983 496 2061 Non
512 1983 615 2079 ioca,
640 2004 714 2062 raon
729 1983 822 2060 illud
848 1986 990 2078 saltem,
1014 1985 1123 2079 bium
1147 1986 1305 2065 Nestora
1323 1999 1462 2064 tantum

456 2113 513 2187 Ut
536 2114 641 2208 pueri
664 2113 801 2208 semper
826 2113 944 2192 dicitis
971 2113 1009 2190 δι
1032 2113 1235 2206 Priamum:

408 2239 499 2319 Non
523 2260 639 2334 rogo,
661 2258 717 2311 me
742 2238 861 2335 gloffis
881 2239 1046 2335 praedam
1061 2240 1171 2316 facite
1193 2257 1300 2339 atque
1322 2238 1502 2336 rapinam,

452 2365 544 2441 ham
567 2365 666 2440 Diva
685 2364 804 2459 refer,
825 2386 902 2445 nou
926 2384 968 2439 ea
995 2385 1109 2443 coena
1127 2387 1206 2443 mea
1228 2367 1294 2443 est.

596 2657 599 2668 ·
760 2641 1220 2757 XLImounan

407 2860 666 2940 Grammaticus
687 2856 936 2936 barba..vincit
957 2860 1109 2946 Zenona
1134 2860 1358 2962 Menander:

455 2984 625 3061 Creditus
640 2985 726 3061 huic
750 2984 813 3062 abs
830 2973 873 3059 ‘te
898 3000 1029 3079 natus,
1055 2987 1191 3081 amice,
1216 3001 1313 3064 tuus.
1436 2977 1453 2986 ”

406 3115 519 3192 Nunc
542 3103 820 3194 ilium‘instiruit
838 3121 957 3194 noctu
970 3125 1150 3217 quoque,
1175 3115 1310 3213 copula
1332 3108 1422 3213 quid
1441 3112 1507 3205 nt,

459 3239 667 3337 conjugat,
691 3236 730 3312 &
755 3236 852 3314 msus
864 3239 1112 3339 schemateque
1142 3261 1226 3340 apta
1245 3241 1345 3320 facit.

492 3513 595 3589 XII.
627 3511 903 3603 Putaram,
931 3508 1493 3593 Tuussnaomcnuara.

408 3753 485 3845 Ite,
510 3750 642 3849 quritus
666 3709 802 3825 circum
827 3746 994 3826 coelestia
1017 3752 1139 3830 lumen
1162 3737 1330 3845 oberrat,

457 3878 582 3974 Atque
606 3874 651 3950 ab
675 3874 883 3951 Aristarcho
911 3897 976 3953 vos
1003 3879 1284 3975 vepritineolaet

407 4001 503 4079 Nam
527 4002 616 4100 quid
640 3999 729 4077 scire
751 4022 853 4094 mea,
888 4019 982 4100 quot
996 4003 1046 4078 sol
1067 4005 1266 4103 perfecerit
1286 4004 1417 4099 orbes,

457 4129 540 4227 Qua
557 4131 671 4224 patria
695 4130 870 4220 Proteus,
891 4150 972 4233 ‘quo
996 4147 1097 4224 patre
1123 4132 1350 4228 Pygmalion.

411 4253 523 4356 Quod
544 4269 676 4329 teretes
698 4254 807 4328 iaciat
833 4254 977 4346 versuo,
1004 4256 1105 4330 volo.
1133 4253 1445 4332 culinachestmr
1564 4253 1572 4304 -’

454 4377 649 4456 Excruciet
672 4376 847 4480 quicquid
876 4401 955 4456 nox
979 4380 1086 4459 habet
1110 4378 1289 4459 historiae.

737 4625 1313 4756 XHLIncnaaug
1413 4721 1416 4730 n

413 4882 449 4959 0
477 4841 659 4981 c'yn'eg'rr'e
676 4855 788 4960 ⁸miset
812 4857 940 4966 vivens
966 4883 1004 4961 ic
1027 4853 1351 4984 mortuussaeque:

351 5071 358 5084 .
457 5008 616 5088 Vulnera
640 4997 737 5090 nuno
762 5012 920 5110 ferrum,
947 5034 1046 5091 nune
1072 5012 1137 5090 tibi
1159 5013 1283 5114 lingua
1308 5009 1408 5090 facit.

382 5133 388 5142 ’
983 5141 1128 5220 Eeer
1630 5133 1676 5214 Iu
