4809 6034
589 592 840 673 LIBER
890 585 1358 679 SECUNDUd,

719 816 1221 894 XIV.Iucarrrr.

382 1078 477 1155 Cum
501 1074 643 1151 medico
668 1071 798 1149 Cratea
826 1073 1021 1172 pollindcor
1048 1074 1165 1151 Damo
1191 1074 1345 1173 ligarunt

434 1205 533 1279 Inter
552 1202 588 1277 se
612 1200 706 1295 padti
722 1199 910 1298 relligione
928 1202 1047 1278 fidem.

385 1332 456 1406 Hic
480 1350 569 1427 quas
588 1328 753 1402 fasciolas
771 1327 917 1402 tumulis
934 1328 1093 1421 rapiebat
1106 1327 1151 1401 ab
1167 1327 1270 1423 ipso,

433 1456 508 1530 Has
527 1455 699 1545 Crateae,
720 1455 819 1530 laefis
842 1454 959 1528 vInela
983 1453 1126 1543 futura,
1152 1452 1268 1528 dabat.

383 1581 458 1682 Qui
483 1582 643 1654 referens
665 1578 823 1653 Damoni
846 1582 962 1652 vicem
987 1581 1148 1654 mittebat
1173 1574 1354 1672 adipsum

428 1708 635 1803 Aegrotos,
658 1706 772 1799 posset
795 1726 888 1801 quos
913 1703 1088 1801 sepelire,
1115 1704 1213 1782 suos.

725 1961 1204 2038 XV.1mcarar1.

381 2216 471 2293 Non
493 2216 603 2313 ligula
627 2236 683 2288 me
703 2216 835 2306 unxit,
860 2218 921 2291 sed
943 2231 1066 2291 atroce
1093 2214 1249 2289 tridente
1270 2214 1478 2308 Charinus,

430 2341 504 2415 Cui
525 2362 633 2417 vacua
653 2363 699 2417 ex
727 2344 837 2415 abaco
864 2343 1012 2438 spongia
1035 2338 1273 2436 junctarum,

377 2466 549 2563 Dumque
578 2470 685 2542 trahit
706 2468 873 2564 ligulam,
898 2466 1048 2541 trahitur
1066 2464 1234 2540 radicitus
1255 2465 1370 2542 omnis

425 2594 625 2687 Palpebra,
650 2592 711 2666 sed
735 2593 867 2668 ferrum
885 2594 1008 2669 manfit
1030 2593 1068 2688 in
1084 2594 1170 2667 orbe
1189 2589 1286 2663 mihi.

376 2719 534 2792 Unxerit
558 2718 787 2807 incitatum,
811 2741 885 2794 non
910 2721 962 2793 illi
989 2721 1107 2795 nostra
1130 2718 1290 2793 laborem

424 2843 545 2936 Aegra
572 2839 707 2915 dabunt
735 2841 883 2936 posthac
900 2842 1063 2915 lumina:
1088 2859 1168 2915 nam
1185 2859 1254 2913 nec
1272 2857 1393 2916 erunt.

685 3097 1232 3222 XV1.Lucrrn'111.

372 3329 541 3404 Amuleta
563 3329 683 3404 ferens
706 3331 859 3404 moritur
883 3329 1128 3425 Diophantus.
1154 3346 1190 3406 at
1215 3335 1351 3406 unde?
1444 3349 1447 3362 ’

422 3457 465 3530 In
490 3455 620 3528 somnis
645 3454 823 3528 medicum
848 3454 987 3529 viderat
1013 3456 1294 3557 Hermogenem.

651 3709 1252 3793 XVH.Pannamnm

371 3943 530 4018 Dextera
547 3943 726 4019 Gennadii
748 3948 858 4044 magis
875 3949 925 4024 est
948 3953 1136 4029 metuenda
1159 3956 1343 4055 chirurgi,

420 4069 533 4164 Quam
558 4069 728 4145 scelerum
754 4073 791 4147 in
813 4095 949 4166 poenas
974 4101 1066 4176 quae
1091 4097 1193 4158 tonat
1223 4084 1276 4158 ira
1300 4084 1420 4162 ducisa

371 4192 496 4270 Afficit
518 4193 605 4265 haec
629 4195 752 4267 merita
778 4199 941 4275 crudeles
967 4221 1081 4276 morte
1104 4208 1285 4282 iatronera

419 4318 486 4393 lna
510 4316 548 4392 dt
570 4318 753 4394 mercedes
777 4322 908 4418 accipit
931 4324 971 4400 dt
991 4326 1147 4426 jugulat.

787 4557 961 4661 x'v111.
1004 4584 1126 4666 Par

370 4791 502 4871 Herbis
527 4794 670 4871 tollenti
691 4799 853 4878 strumam
878 4805 1100 4904 scabiemque
1127 4809 1330 4905 Rhodoni,

417 4915 575 5012 Herbia,
601 4940 643 4998 ut
664 4928 769 5005 tollat
789 4946 954 5020 caetera,
978 4957 1052 5011 non
1075 4956 1166 5034 opus
1192 4935 1255 5013 est.‘

1565 611 1644 691 4³7

888 5056 950 5132 lii
976 5081 1000 5158 3
1377 5061 1493 5144 XIX.
1521 5065 1630 5147 Aah
