4809 6034
589 535 1370 686 utrnunsucunuuu

707 825 1278 910 Misenumnam

407 1193 449 1266 ln
475 1190 575 1268 febre
602 1190 806 1268 Alcimcnen
832 1189 984 1267 torrenti
1002 1190 1158 1276 membra
1178 1187 1342 1285 jacebat,

456 1319 507 1393 Et
531 1319 641 1393 sonus
668 1319 819 1417 angusto
835 1335 982 1414 gutture
1003 1339 1132 1392 raucus
1157 1334 1257 1410 erat3

410 1443 461 1518 Et
484 1446 576 1518 latus
599 1441 692 1517 haud
716 1443 819 1518 aliter
843 1463 948 1541 quam
973 1445 1061 1521 ferri
1085 1443 1231 1538 cuspide
1257 1439 1455 1541 punctum,

458 1567 668 1663 Spiritus&
694 1566 793 1641 duris
817 1575 941 1645 creber
967 1563 1200 1656 anhelitibus;

407 1693 635 1789 Callignotus
658 1693 753 1767 adest
783 1690 914 1787 Cous,
940 1696 1000 1770 cui
1025 1695 1166 1794 garrula
1189 1692 1336 1790 lingua,

455 1821 504 1894 Et
528 1821 587 1893 cui
612 1820 786 1896 Paeoniae
810 1819 982 1894 maximus
1006 1797 1090 1895 atris
1113 1821 1244 1896 honos.

409 1945 537 2021 Omnia
559 1946 767 2021 morborum
793 1947 849 2021 cui
877 1969 975 2023 mens
1001 1961 1072 2023 tam
1095 1960 1192 2021 certa
1216 1940 1383 2038 videbat,

452 2071 602 2145 Diceret
626 2088 667 2145 ut
692 2089 831 2166 praeter
854 2074 928 2150 sata
951 2074 1076 2149 futura
1092 2073 1194 2149 nihil.

404 2198 601 2273 Alcimenis
623 2197 761 2271 vultum
786 2199 885 2272 videt
908 2201 991 2289 hic,
1017 2200 1248 2294 habitumque
1264 2199 1440 2294 jacentis,

343 2405 346 2410 Α
459 2324 589 2399 Utitur
615 2323 652 2397 ou
677 2343 786 2399 venas
810 2323 1016 2419 experiente
1039 2343 1170 2416 manu,
1278 2335 1293 2392 ’.

406 2453 610 2551 Judiciique
635 2451 730 2543 dies,
757 2468 918 2526 veterum
944 2471 1036 2546 quos
1059 2449 1189 2545 scripta
1214 2448 1422 2542 celebrant,

453 2580 671 2676 Computat:
699 2576 737 2650 δι
761 2596 903 2653 normas
928 2575 1108 2672 praedicat
1135 2575 1384 2671 Hippocratis.

410 2706 586 2778 Omnibus
610 2705 773 2794 expensis
798 2705 939 2780 tandem
965 2704 1129 2800 responsa
1153 2702 1291 2801 profari

459 2829 615 2923 Incipit,
640 2826 808 2901 attollens
833 2828 966 2922 grande
985 2829 1227 2921 supercilium.

405 2955 444 3030 Si
468 2954 588 3028 lateris
613 2959 719 3031 cesset
741 2954 872 3046 dolor,
897 2954 934 3029 &
959 2953 1054 3028 ravis
1078 2949 1202 3047 aspera
1222 2951 1351 3029 fauces

450 3079 624 3174 Deserat,
649 3100 758 3180 atque
781 3083 887 3159 abeat
910 3082 1026 3158 febris
1046 3077 1171 3156 anhela
1195 3079 1285 3173 tibi,

406 3205 496 3281 Non
521 3206 587 3281 tibi
609 3228 705 3283 mors
730 3209 851 3285 veniet
872 3211 1003 3282 morbo
1027 3207 1250 3297 pleuritidis:
1274 3206 1340 3282 ista

454 3332 599 3430 Quippe
624 3330 827 3402 reversurae
851 3330 948 3424 figna
973 3329 1094 3403 salutis
1118 3343 1238 3404 erunt.

404 3457 504 3531 Pone
530 3471 685 3528 metum:
712 3453 848 3526 tabulas
872 3454 995 3548 legum
1017 3452 1173 3529 dictante
1199 3452 1318 3548 perito

450 3579 625 3654 Confice:
648 3565 721 3653 'nec
747 3578 839 3652 vitae
863 3580 905 3653 fit
931 3578 995 3652 tibi
1021 3598 1107 3651 cura
1132 3578 1268 3673 super,

317 3741 320 3746 ⁴
403 3707 453 3781 Et
478 3705 650 3778 medicum
674 3721 823 3800 propter
845 3706 940 3778 bonu
965 3723 1021 3776 me
1046 3703 1217 3798 responsa
1241 3721 1424 3782 memento

454 3831 651 3905 Haeredem
679 3851 804 3928 quarta
831 3829 984 3907 scribere
1008 3844 1109 3926 parte
1135 3844 1247 3909 tuum.

733 4207 1220 4305 XX.EJusnuur.

403 4579 522 4654 Natus
547 4591 622 4650 erat
645 4574 784 4654 medico
809 4598 936 4671 carus,
961 4581 1026 4678 qui
1050 4579 1198 4656 mittitur
1222 4579 1267 4655 ad
1288 4599 1347 4658 me

452 4707 590 4778 Totum
619 4702 875 4780 Grammaticae
900 4707 1011 4782 discat
1035 4723 1077 4781 ut
1101 4708 1187 4782 artis
1213 4729 1321 4802 opus.

399 4829 492 4904 iram
518 4824 623 4922 Musa
646 4823 762 4922 refer,
787 4829 855 4923 insit
881 4849 1053 4923 noverat,
1079 4848 1190 4929 utque
1215 4831 1360 4907 Dolores

450 4954 555 5030 Misso
581 4951 785 5047 deiit5sed
810 4954 848 5031 δι
872 4957 943 5033 huc
969 4959 1074 5058 quod
1094 4960 1187 5040 solet
1212 4958 1297 5037 inde
1322 4959 1449 5060 sequi,

1586 622 1672 703 43'9'

1567 5089 1665 5180 Mai&
