4809 6034
664 577 918 665 Lrnurt
966 575 1301 668 PRIMUS.
1492 581 1500 600 ”

727 761 1330 920 IX.Par3en<mna.⁸

411 1100 554 1180 Dicitur
578 1099 616 1175 in
640 1098 772 1176 somnis
806 1099 929 1178 vidisse
952 1095 1131 1174 homicida
1155 1095 1335 1193 Sarapim:
1390 1153 1395 1164 .

463 1228 598 1327 (Forte
630 1225 777 1302 ruinoso
801 1226 938 1321 pariete
961 1225 1067 1302 nixus
1092 1221 1190 1320 erat)

405 1356 457 1432 Et
483 1354 605 1430 dixiffe
630 1352 752 1429 Deus:
780 1353 896 1454 Surge
919 1353 1005 1428 hinc
1032 1351 1232 1446 dormitor,
1256 1352 1386 1451 abique

460 1482 597 1571 Ocius,
622 1494 731 1577 atque
753 1480 851 1553 aliud
876 1499 1007 1579 quaere
1036 1479 1156 1554 cubile
1180 1480 1259 1556 tibi.

407 1607 555 1684 Excitus
580 1606 664 1683 inde
685 1607 771 1681 loco
794 1607 945 1706 migrat:
970 1606 1073 1684 iimul
1096 1606 1158 1680 ille
1180 1606 1329 1701 peresus
1475 1581 1478 1587 ¹

453 1735 500 1810 Se
524 1735 639 1830 paries
662 1739 794 1833 magno
817 1733 979 1830 pondere
1002 1731 1125 1809 fundit
1148 1731 1263 1809 humi.

400 1862 491 1953 ifle,
515 1859 601 1936 Deo
628 1862 727 1936 cordi
756 1881 839 1937 cunr
862 1862 1025 1938 crederet
1049 1862 1117 1938 erre
1140 1870 1344 1952 nocentes,

451 1987 613 2064 Prolixas
636 2002 753 2086 grates
790 1988 828 2063 bt
853 1988 950 2064 sacra
984 2007 1087 2070 mane
1115 2002 1231 2084 parat.

403 2114 513 2189 Tunc
536 2114 584 2188 ait
606 2116 644 2192 in
670 2117 796 2194 somno
824 2101 971 2196 rursum
988 2113 1114 2192 Deus:
1165 2114 1268 2213 bigo
1295 2109 1450 2211 putabas
1541 2183 1542 2186 t

449 2241 604 2315 Tutelae
628 2241 772 2336 sontes,
795 2241 869 2317 beu
892 2244 1018 2335 miser,
1042 2247 1114 2320 eise
1136 2242 1266 2320 mecei

400 2366 489 2441 Non
514 2366 565 2440 est
587 2366 652 2441 ista
674 2369 791 2461 salus,
815 2369 914 2444 facili
938 2369 1040 2468 quod
1060 2387 1179 2448 morte
1199 2383 1370 2469 negatum
1447 2315 1452 2326 ι

442 2490 621 2589 Derimgi:
646 2513 738 2570 crux
761 2495 812 2572 est
837 2516 958 2591 poena
980 2511 1101 2592 parata
1125 2496 1205 2574 tibi.

708 2817 759 2896 X.
794 2817 992 2893 Tuuurr
1031 2815 1257 2894 Gutum.

389 3104 478 3181 Mus
502 3103 616 3180 media
632 3051 686 3180 *de
708 3119 826 3182 morte
848 3063 981 3204 petens
1002 3127 1075 3208 quo
1098 3106 1224 3186 vivere
1251 3107 1387 3208 poffet,
1462 3201 1475 3218 ..

439 3229 538 3306 Dum
563 3231 681 3307 nullos
705 3233 802 3310 casm
825 3234 1040 3335 infidiasque
1064 3237 1209 3329 timet,·

387 3357 494 3433 Rofit
518 3359 733 3456 Apollineae
759 3347 1043 3437 nervum'fidisz
1068 3361 1132 3464 illa
1156 3360 1345 3466 resultans
1447 3421 1476 3468 ,Δ

437 3482 480 3556 In
502 3481 610 3578 juga,
634 3484 871 3576 constrinxit,
896 3503 977 3560 mus
1001 3486 1068 3564 tibi
1093 3507 1228 3583 parve,
1253 3487 1397 3582 gulam·
1514 3491 1517 3498 ’

389 3593 526 3704 Ecquis
549 3603 664 3681 adhuc
689 3625 791 3682 arcus
817 3607 956 3684 Phoebi
979 3609 1186 3698 mirabitur,
1209 3625 1313 3683 arcus

437 3733 533 3810 Irato
556 3730 711 3831 praestet
733 3753 816 3810 cum
841 3732 922 3826 lyra
948 3729 1047 3806 tensa
1070 3730 1200 3807 vicem.
1363 3745 1368 3753 '

707 4052 1220 4142 XLBrnuouru

383 4339 439 4415 Te
458 4352 601 4435 captum
625 4342 662 4417 in
688 4340 827 4435 media,
854 4338 1086 4435 Clitonyme,
1109 4339 1218 4415 caede
1242 4341 1388 4437 tyranni

426 4465 584 4578 Piscibus
612 4466 650 4544 δι
673 4468 790 4546 fluvio
814 4488 903 4566 gens
926 4466 1069 4560 mimica
1092 4466 1225 4547 dabat:
1363 4517 1366 4524 ,

379 4591 469 4669 Non
494 4593 577 4668 tulit
600 4589 769 4670 invidiam
792 4611 924 4673 tantam
949 4587 1053 4676 Deus
1076 4597 1208 4674 arbiter
1231 4596 1364 4702 aequi,
1433 4699 1436 4708 Ι
1473 4589 1478 4594 ’
1543 4591 1547 4598 ’

423 4722 591 4828 Ripaque
614 4738 654 4834 te
667 4705 796 4830 *tot'um
820 4725 920 4820 lapsa
942 4739 1092 4842 repente
1117 4724 1240 4838 tegio¹
1396 4727 1401 4734 '

376 4845 466 4922 Non
490 4846 597 4943 igitur
620 4847 676 4924 vir
701 4850 808 4925 fortis
831 4848 932 4948 aquis
956 4849 1156 4947 agitaberer
1179 4839 1280 4946 jutia
1334 4869 1338 4878 ¹
1394 4871 1398 4880 ’

421 4973 497 5049 Pro
517 4973 689 5057 libertatis
713 4974 855 5056 uindice
878 4974 969 5052 fecit
990 4975 1134 5053 humus.

1766 507 1810 572 ’Χ

1627 597 1760 689 98χ
