4809 6034
616 580 869 666 rrarn
918 513 1384 660 saouuous.
1599 593 1704 690 ⁵07·

416 809 513 888 Hinc¹
537 828 648 882 unum
671 806 788 882 multo
811 804 978 899 cyathum
1003 802 1089 878 mihi
1111 805 1249 880 sumere
1273 806 1424 900 malim,

465 935 580 1034 Quam
605 934 649 1006 de
676 932 831 1030 Pegaseo
855 932 951 1006 mille
974 930 1112 1026 liquore
1135 945 1212 1005 tuo.

674 1221 1299 1298 X.A1³or,rou1unr.

411 1514 538 1588 stertis
561 1514 670 1587 amice
690 1512 709 1584 ἓ
744 1526 850 1584 vocat
871 1510 939 1605 jam
964 1527 999 1586 te
1025 1510 1181 1604 scyphus
1205 1533 1216 1585 ε
1251 1513 1347 1609 erige
1371 1525 1515 1609 temet,

458 1638 540 1713 Nec
565 1641 701 1737 gelidae
725 1638 860 1731 placeat
885 1638 1009 1713 mortis
1033 1636 1150 1733 imago
1176 1635 1255 1712 tibi.

401 1764 510 1839 Parce
536 1765 648 1856 nihil,
675 1782 794 1858 totus,
821 1765 1010 1853 Diodore,
1036 1761 1096 1835 sed
1119 1763 1219 1836 irrue
1244 1763 1357 1857 vino,

363 1893 375 1918 ⁹
456 1888 506 1962 Et
527 1890 630 1979 bibe,
654 1890 736 1964 dum
760 1891 912 1985 genibus
938 1888 1152 1979 destituare,
1176 1909 1326 1964 merum.

403 2014 565 2106 Tempus
586 2015 654 2089 erit
671 2016 846 2113 longum,
872 2016 971 2112 quod
990 2035 1057 2089 nos
1076 2029 1201 2110 potare
1224 2014 1372 2092 vetabit.

455 2139 566 2213 Nunc
584 2160 762 2235 propera:
778 2129 941 2217 ‘veniunt
961 2141 1005 2214 ad
1024 2158 1134 2235 caput
1153 2159 1237 2215 ecce
1257 2140 1377 2216 nives»

679 2427 1290 2508 XLAuouurnn1u

401 2717 530 2793 vinus
548 2719 638 2793 flore
655 2720 743 2794 meri
762 2720 879 2798 titubo
898 2736 999 2817 pater
1020 2719 1139 2797 Evie:
1164 2717 1245 2817 quis
1265 2738 1328 2804 me

451 2846 613 2920 Servabit
631 2834 786 2943 quassum
802 2850 957 2922 membra
976 2848 1093 2920 calore
1112 2846 1206 2918 tuo?

400 2971 549 3066 Iniustos
570 2971 672 3046 Deus
694 2993 757 3066 es3
779 2991 860 3047 toto
878 2989 913 3046 te
934 2971 1030 3046 ferre
1049 2986 1209 3066 paratum

432 3097 616 3195 'Corpore
636 3097 868 3176 transversum
885 3114 952 3190 tu,
975 3099 1159 3204 violente,
1184 3095 1297 3193 rapist

684 3390 1281 3464 XH.Aunrunar

399 3675 486 3748 Non
505 3674 648 3771 fugiens
667 3692 786 3751 tantus
806 3692 922 3774 terror
939 3677 1023 3752 rnihi
1044 3677 1207 3752 Pieiadoe
1225 3677 1353 3752 astrum
1363 3727 1384 3769 ,

445 3801 603 3876 Horrida
619 3823 684 3875 nec
705 3801 890 3897 scopulum
910 3825 1001 3901 quae
1020 3805 1106 3879 ferit
1125 3806 1176 3879 ira
1196 3811 1325 3898 maris,

396 3926 478 4001 Nec
497 3930 634 4001 coelum
652 3947 733 4002 cunr
753 3930 849 4004 triste
868 3948 969 4005 tonat
976 3980 990 4021 ,
1014 3950 1118 4027 quarn
1136 3931 1191 4006 vir
1209 3933 1322 4008 malus
1340 3930 1377 4006 dt
1397 3934 1488 4029 qui,
1613 3990 1616 3996 .

445 4053 553 4128 Diua
576 4075 711 4130 memor
730 4046 872 4133 seruans
890 4059 1049 4154 ringula,
1085 4072 1188 4152 potat
1206 4031 1346 4156 aquam.

694 4307 1250 4389 .XHLOnasrnu'

392 4569 495 4642 Urbe
513 4582 599 4658 tua,
623 4564 784 4658 Sicyon,
808 4567 946 4664 lepidae
965 4584 1155 4667 praecepta
1176 4567 1386 4645 Carnoenae
1500 4671 1507 4678 ἱ

448 4691 543 4768 Cum
564 4694 709 4768 Bromio
729 4694 855 4770 ludens
878 4697 999 4772 Gratia
1018 4716 1117 4773 terna
1135 4695 1246 4770 dedit.

394 4822 503 4897 Risus
522 4822 671 4894 acunren
690 4820 821 4913 habet;
845 4823 1104 4922 castigaturque
1119 4821 1275 4919 iocando

442 4947 555 5038 Virta
578 4948 694 5022 bonos
715 4967 832 5025 mores
852 4951 949 5025 ebria
968 4955 1067 5030 turba
1085 4951 1206 5031 docet.

884 5074 962 5151 Sss
985 5099 1015 5154 a
1409 5074 1523 5157 xlv..
1540 5076 1653 5156 Pur·-
