4809 6034
730 553 1391 640 LIBERPRIMUS.¹
1681 556 1734 655 65
1819 611 1831 628 .

654 781 1443 862 XIIIIrruuucuaourrs.

475 1038 648 1140 Quisquis
673 1040 743 1116 iter
768 1042 904 1138 carpis,
929 1042 1063 1139 platani
1079 1041 1262 1140 requiesce
1285 1038 1350 1116 sub
1370 1039 1519 1132 umbra,

525 1168 628 1267 Quae
652 1166 827 1263 Zephyro
852 1168 1200 1267 frondestexagitata
1226 1166 1364 1244 tremit.

473 1294 544 1371 Hic
568 1293 630 1370 ubi
653 1287 709 1366 me
733 1313 852 1368 rerum
875 1296 1055 1370 custodem
1080 1295 1118 1369 rit
1145 1290 1274 1371 fertilis
1299 1292 1378 1391 agri

523 1419 564 1497 N
567 1418 729 1517 icagorae
752 1418 875 1514 posuit
897 1420 1044 1495 dextera
1068 1419 1300 1496 Mercurium.

796 1688 926 1771 XIII.
953 1692 1013 1770 Eu
1033 1695 1145 1772 Panos
1171 1687 1326 1792 persona.
1385 1716 1397 1728 ·

474 1948 575 2025 Haec
600 1966 678 2021 mea
703 1963 738 2022 te
764 1949 873 2045 pinus
892 1967 1015 2029 monet
1033 1953 1113 2027 heic
1128 1951 1302 2046 refluere,
1338 1950 1478 2043 viator,

530 2077 632 2175 Quae
657 2073 827 2152 blandum
851 2068 1026 2177 Zephuro
1045 2079 1175 2154 leniter
1196 2077 1274 2153 aua
1301 2077 1429 2167 sonat3

483 2203 533 2276 Et
558 2201 620 2299 qui
644 2216 715 2274 tam
739 2217 878 2298 gratum
900 2204 987 2280 fons
1010 2221 1236 2298 murmurat,
1262 2201 1301 2279 δι
1321 2189 1398 2280 mea
1421 2202 1582 2279 sumnum
1652 2189 1664 2208 “’

526 2327 629 2429 Quae
655 2325 753 2403 dabit
776 2327 814 2403 in
842 2329 928 2406 solis
950 2327 1065 2406 fistula
1090 2329 1196 2406 doiia
1219 2331 1320 2406 Iouis.

785 2600 908 2677 XIV.
946 2598 1332 2677 Paaauurs.

481 2854 582 2929 Haec
607 2853 731 2931 evetia
754 2858 866 2936 comis
889 2859 1016 2952 arbor,
1044 2875 1136 2956 quae
1160 2855 1308 2934 concita
1335 2853 1483 2929 crebros

530 2981 730 3058 Murmurat
756 2982 803 3055 ad
829 2984 1043 3081 Zephyros,
1068 2998 1104 3060 te
1130 2996 1235 3081 rogat
1260 2996 1302 3057 ut
1324 2976 1469 3056 sedeas:

481 3107 531 3188 Et
554 3108 655 3182 iimul
679 3108 767 3183 haec
791 3124 860 3186 tam
884 3112 966 3189 lene
991 3113 1121 3190 sonans
1144 3131 1262 3209 aqua,
1287 3106 1480 3208 nostraque
1504 3115 1650 3184 cautam

530 3233 663 3310 Fistula
691 3256 777 3314 mox
801 3238 931 3316 somno
953 3237 1088 3316 Iumina
1111 3236 1206 3316 viiia
1228 3235 1378 3314 dabunt.

656 3507 753 3583 XV.
778 3507 833 3583 De
860 3533 920 3602 er,
943 3515 999 3607 qui
1023 3526 1166 3586 mortuus
1189 3526 1265 3585 erat
1292 3511 1387 3583 nintt'u
1420 3506 1481 3597 este

878 3634 1075 3718 Persicorum
1093 3638 1263 3702 mirmu-

487 3884 583 3960 Nate
608 3883 858 3984 Theognosti‚
882 3884 1008 3959 mortis
1033 3881 1099 3960 tibi
1123 3883 1224 3960 causa
1248 3882 1354 3960 fuere
1484 3909 1487 3914 ·

535 4015 572 4088 A
597 4011 710 4090 Perus
739 4013 889 4090 Perseus
900 4031 990 4110 quae
1014 4008 1103 4084 mala
1126 4010 1220 4083 mala
1243 4010 1341 4086 tulit.
1393 4029 1398 4040 ⁴
1503 4081 1507 4098 ,

791 4285 916 4362 XVI.
952 4284 1008 4361 Dr
1032 4285 1146 4360 arbore
1170 4283 1348 4359 inoculare.

495 4544 530 4619 0
552 4545 630 4641 pira
660 4556 759 4641 grata
781 4562 910 4620 manus
930 4542 1070 4620 nostrae
1093 4546 1218 4623 labor:
1244 4545 1320 4644 ipse
1342 4561 1409 4644 per
1430 4525 1548 4619 aestus

495 4671 670 4768 Applicui
692 4691 829 4746 ramum
853 4692 970 4747 ramo:
998 4675 1045 4750 fic
1067 4674 1190 4753 iufitus
1213 4671 1322 4748 haefit

493 4798 690 4889 surculus,
717 4797 755 4872 ἃ
781 4796 913 4896 gaudet
934 4802 1075 4876 mutatis
1099 4801 1256 4877 foetibus
1277 4801 1397 4895 arbor,

495 4923 600 5023 Quae
623 4925 742 5003 subter
765 4926 844 5001 fera
868 4946 977 5023 poma
998 4928 1114 5025 gerit,
1137 4928 1331 5029 fragrantia
1358 4929 1500 5027 Iitpra..

553 5067 559 5080 ·
1012 5053 1045 5129 L
1071 5074 1095 5150 3
1425 5050 1572 5128 XVII.
1598 5043 1638 5123 Τ
1645 5063 1759 5121 uuo»
