4809 6034
690 582 941 670 arnan
988 583 1323 674 mutua.
1606 588 1687 688 1⁶5

654 920 1031 1041 alannus
1081 924 1352 1007 XXXVIII.

892 1186 961 1271 De
988 1184 1102 1272 Diis.

799 1457 1209 1535 LLucraun

423 1696 549 1791 Turpe
566 1687 701 1790 aliquid
720 1690 855 1769 faciens
871 1692 1034 1771 homines
1051 1694 1197 1771 fortasse
1214 1692 1365 1789 latebis,

475 1819 549 1896 Sed
573 1820 704 1895 fallunt
728 1838 796 1897 nec
815 1839 910 1918 quae
929 1834 1051 1898 mente
1078 1834 1204 1919 putata
1228 1822 1345 1900 Deos.

787 2077 1219 2160 lilaeaaau
1365 2186 1368 2189 ι

423 2312 591 2413 Juppiter
608 2312 691 2409 igne
711 2312 862 2405 furens,
887 2314 930 2388 fit
948 2315 1051 2407 olor,
1076 2318 1169 2409 bos,
1194 2316 1364 2411 Faunus,
1388 2328 1426 2394 et
1439 2337 1590 2413 aunam,
1686 2368 1696 2374 -
1810 2372 1817 2385 ·

471 2438 614 2533 Ledes,
637 2439 826 2537 Europes,
852 2437 1058 2534 Antiopes,
1081 2436 1241 2517 Danaae.

727 2698 1292 2779 HLAuaraaran

422 2937 624 3012 Mercurius
644 2936 761 3012 facilia
780 2936 880 3013 Deus
903 2936 956 3012 est
980 2937 1202 3034 pastoribus:
1229 2939 1285 3015 illi

472 3062 546 3137 Lac
572 3063 653 3138 satis
678 3080 715 3138 et
742 3085 879 3162 quercu
897 3064 1003 3140 melia
1029 3080 1171 3162 reperte
1194 3083 1294 3142 cava.

426 3186 554 3264 Carior
574 3189 746 3284 Alcides,
771 3192 862 3268 aries
875 3192 932 3267 cui
950 3192 1122 3292 pinguis,
1146 3210 1184 3269 et
1209 3211 1321 3291 agnus

471 3315 625 3392 Vidima
637 3366 651 3407 ,
673 3318 806 3414 placari
829 3341 896 3395 nec
921 3321 995 3395 fine
1018 3333 1099 3393 ture
1116 3316 1231 3413 cupit.

352 3462 355 3467 ·
423 3447 476 3520 At
500 3442 603 3538 fugat
622 3441 686 3514 iste
710 3445 844 3536 lupos,
868 3444 952 3540 quid
976 3443 1111 3532 refert,
1136 3442 1162 3515 ii
1186 3442 1303 3517 minor
1326 3441 1378 3516 est
1402 3461 1517 3539 grex,

473 3570 536 3644 An
558 3565 721 3664 pecudes
743 3566 861 3643 custos
885 3586 931 3640 an
954 3565 1061 3659 lupus
1085 3565 1247 3663 abripiat.

755 3824 1260 3905 IV.Leou1nar.

425 4061 527 4139 Heus
545 4062 676 4160 quibus
697 4064 763 4139 hac
782 4065 850 4140 iter
867 4064 942 4156 est,
964 4065 1026 4140 seu
1043 4086 1110 4142 vos
1131 4084 1192 4141 rus
1212 4062 1320 4140 mittit
1336 4060 1374 4138 in
1390 4058 1542 4181 urbe*

472 4190 543 4264 Seu
565 4211 632 4266 vos
650 4189 795 4266 deliciae
811 4193 904 4271 ruris
931 4192 975 4266 ab
995 4194 1084 4268 urbe
1112 4206 1267 4277 vocant,
1547 4174 1549 4185 ’

422 4313 567 4390 Finibus
583 4317 735 4410 appofiti
761 4316 836 4388 duo
856 4314 908 4391 Di
927 4316 1064 4406 sumus,
1090 4314 1166 4409 ipse
1182 4334 1253 4409 ego
1270 4310 1388 4405 Maiae

466 4439 601 4515 Filius:
626 4440 715 4514 alter
738 4438 798 4513 hic
816 4440 867 4515 est
893 4438 1249 4536 Amphitryoniades.

424 4567 545 4642 Ambo
562 4566 650 4642 boni
673 4566 800 4643 vobis:
826 4566 921 4642 inter
947 4586 1013 4642 nos
1037 4587 1110 4643 non
1128 4565 1200 4639 ita:
1228 4560 1365 4660 quippe

316 4698 319 4704 '
472 4692 556 4766 Huc
580 4693 605 4767 sr
629 4692 724 4769 forte
748 4692 866 4787 pirum
893 4692 974 4790 quis
994 4693 1097 4784 tulit,
1117 4689 1178 4763 ille
1197 4701 1312 4762 vorat

424 4817 515 4892 Non
540 4816 641 4889 aliter
657 4816 782 4891 tradat
802 4838 1063 4915 quamcumque
1080 4814 1258 4890 invenerit
1281 4835 1414 4911 uvam,

472 4942 546 5019 Seu
569 4958 701 5017 matura
725 4942 825 5037 satis,
847 4944 909 5020 seu
934 4944 1025 5016 male
1043 4939 1144 5015 coda
1161 4939 1278 5020 datur.
