4809 6034
576 585 830 670 LIBER
880 585 1354 668 SECUNDUS.

1583 603 1664 685 a9a
1806 598 1808 601 ⁴

408 814 513 893 Vivit
533 813 675 907 adhuc,
696 815 832 906 cernit,
857 814 1018 912 graditur
1044 834 1192 911 quoque
1221 833 1320 889 more
1345 811 1500 907 puellae.
1642 813 1644 820 '

455 938 576 1052 Quid,
600 939 667 1017 uiri
693 961 814 1032 nune,
837 939 975 1032 dicam,
1001 941 1137 1035 Pluto,
1161 939 1262 1038 quod
1284 936 1463 1014 acciderit.

758 1209 1226 1354 VLErusneu

239 1577 244 1588 Ι
306 1491 310 1498 ’
406 1485 547 1585 Exige,
575 1489 803 1582 persuperos
829 1488 1013 1579 obtestor,
1039 1481 1225 1574 Oneiiu're,
1248 1448 1418 1573 surdam}

459 1614 563 1712 Quae
586 1611 673 1682 mihi
695 1608 863 1702 perpetui
882 1609 991 1683 'musa
1006 1610 1163 1701 laboris,
1187 1597 1310 1686 auum}

359 1728 366 1763 ¹
385 1720 388 1727 ’
410 1736 545 1814 Caseus
570 1733 615 1808 ad
640 1733 793 1808 mensam
818 1734 844 1808 ii
867 1734 964 1810 forte
979 1750 1124 1831 petatur
1147 1737 1192 1812 ab
1215 1736 1300 1828 ilia,

435 1864 593 1938 Nescio
617 1881 723 1958 quem
758 1860 871 1936 casum
895 1880 951 1936 rue
976 1861 1126 1939 timuisse
1148 1876 1266 1959 putat.

406 1990 506 2065 Ruta
529 1990 640 2082 petita
662 2002 772 2084 caput
796 1983 914 2062 fuerat
937 1986 1024 2061 mihi
1046 1986 1144 2064 forte
1168 1987 1339 2080 dolenti,
1372 2073 1409 2098 W
1426 2059 1454 2098 .,

456 2117 499 2189 In
524 2113 625 2188 corbi
649 2116 755 2190 nobis
778 2114 897 2190 attulit
920 2105 981 2188 illa
1007 2130 1100 2192 ruta.
1250 2127 1271 2210 j
1422 2103 1427 2113 ’

378 2317 381 2322 ,
412 2237 583 2315 susurris
608 2257 701 2331 opus
726 2238 777 2310 est
801 2258 934 2334 aegro,
958 2240 1032 2313 fert
1056 2242 1160 2316 anxia
1184 2243 1335 2330 soccos,

455 2364 507 2438 Et
530 2362 695 2457 mytilum
720 2365 861 2459 cupiam
885 2363 1039 2456 ssmihi,
1062 2365 1136 2442 fert
1155 2366 1337 2441 matulam.
1452 2437 1454 2443 .

405 2492 478 2567 Pro
496 2490 584 2564 vino
610 2509 757 2567 vannus.
783 2514 851 2586 pro
877 2492 949 2566 seta
972 2491 1095 2566 fertur⁴
1115 2507 1269 2567 acerum.
1409 2547 1412 2552 .

457 2619 500 2692 In
521 2637 673 2707 vanum,
699 2616 877 2714 quidquid
897 2616 1049 2710 dixero,
1073 2618 1183 2693 uerba
1209 2612 1355 2691 cadunt.
1449 2685 1452 2693 .

400 2721 464 2816 'Ut
487 2742 682 2813 mediteme
707 2739 803 2848 foris
820 2742 907 2810 toris
932 2765 1001 2837 ego
1020 2731 1183 2817 noeribus
1207 2718 1359 2839 aequum
1384 2718 1458 2829 est3

405 2907 410 2914 ·
455 2863 552 2963 Quid
574 2866 725 2962 loquar,
756 2863 794 2938 δι
810 2883 949 2960 ⁴praeco
969 2887 1068 2942 nunc
1091 2889 1156 2946 ero
1178 2883 1330 2968 propter
1348 2861 1481 2946 anum?

722 3132 829 3211 v11.
876 3135 1254 3221 Iiucruurr.
1323 3125 1422 3205 ”.
1520 3139 1529 3210 ί

402 3409 499 3485 Cum
522 3409 588 3483 tibi
609 3409 677 3503 iam
704 3424 824 3483 currat
847 3413 1037 3487 centesima
1058 3414 1209 3505 bruma,
1233 3410 1346 3488 lavari

454 3533 513 3607 Te
536 3553 658 3606 rumor
680 3547 799 3608 tamen
821 3533 897 3623 est,
925 3523 1147 3640 Heiiodora‚
1172 3534 1254 3611 dio.-

402 3660 481 3759 Jarn
505 3656 593 3756 quid
615 3678 697 3755 agas
720 3658 839 3734 video.
863 3637 985 3734 calidis
1001 3661 1231 3754 juvenescere
1253 3660 1410 3762 lymphis

455 3786 595 3881 Speras.
621 3783 764 3886 eueniet
793 3783 918 3878 credo,
943 3787 1010 3862 sed>
1028 3805 1069 3864 ut
1094 3789 1225 3866 Peliae.

512 4046 515 4050 ’
664 4007 1293 4156 VIII.Maceuo'ur1.

386 4315 552 4392 ¹Ceruiia
574 4313 750 4411 protende
774 4336 883 4413 genas
908 4291 980 4414 iarn
1005 4317 1101 4415 pelle
1128 4331 1316 4411 carentes,

452 4441 514 4518 Ad
536 4451 671 4537 poenas
695 4443 837 4537 populo
863 4442 983 4523 debita
1008 4445 1179 4524 Laodice.

407 4566 479 4642 Sed
501 4567 598 4644 labra
618 4589 666 4642 ne
686 4569 825 4664 pandas
850 4553 926 4648 osto
951 4595 1110 4648 memor:
1136 4592 1192 4644 ars
1207 4570 1274 4645 tibi
1295 4568 1419 4649 fucum

454 4693 568 4768 Nuiia
586 4693 706 4787 dabit,
726 4695 853 4774 dentes
883 4721 959 4797 quo
975 4721 1138 4797 reparare
1159 4716 1282 4800 queas.

407 4818 517 4920 Quod
541 4821 659 4897 fuerat
682 4821 842 4914 formae,
869 4805 1082 4904 fluxit'tibi:
1109 4843 1203 4901 terra
1219 4823 1378 4903 decusne

343 5055 348 5066 ἱ
399 4937 411 4954 “
454 4947 558 5047 Quae
572 4957 699 5024 'manat
722 4949 989 5046 pouit-tradere
1014 4950 1116 5048 quod
1137 4950 1298 5029 maneat?

982 5073 1086 5151 Ddd
