4809 6034
586 583 845 665 LIBER
894 515 1366 667 SECUNDUS.

753 809 1204 905 V.EJrrsorrr.
1293 804 1305 826 '

401 1112 622 1228 Eurystheus
647 1113 757 1205 olim,
781 1113 828 1189 fic
854 1111 1007 1204 dicitur,
1032 1112 1166 1207 optime
1194 1111 1348 1207 Caesar,

395 1225 405 1242 ‘
447 1242 598 1315 Miserat
622 1240 667 1313 ad
691 1255 811 1314 manes
837 1240 1198 1333 Amphitryoniaden.

252 1399 255 1408 ’
397 1370 449 1443 At
473 1388 568 1441 nunc
593 1367 842 1459 Metrophanes
866 1385 922 1437 rne
949 1362 1120 1454 clinicus3
1142 1387 1229 1462 ergo
1262 1379 1414 1441 vocetur

452 1490 614 1567 Clinicus
642 1491 892 1582 Eurystheus,
917 1513 1017 1583 non,
1044 1511 1158 1588 rogo,
1185 1492 1448 1587 Metrophanes.

697 1795 1257 1872 VLSraaronra

396 2097 594 2208 Arnedico
622 2098 779 2193 Chryses
804 2098 965 2175 nondum
992 2097 1171 2196 Capitone
1194 2098 1393 2196 peruneius

450 2223 604 2298 Orionis
630 2227 754 2298 turrim
780 2226 916 2299 viderat
939 2246 958 2297 a
983 2225 1111 2300 stadiis.

392 2351 428 2424 A
456 2349 566 2421 stadio
592 2349 648 2423 vir
668 2365 776 2422 notus
800 2350 857 2440 ei,
891 2349 1093 2445 cubitisque
1117 2348 1288 2424 coturnix

439 2474 583 2566 Biffex,
609 2497 628 2550 a
651 2474 774 2571 palmis
799 2477 952 2572 iensque
977 2473 1120 2550 duobus
1142 2489 1231 2549 erat.

395 2579 540 2676 Uniiur
564 2616 605 2676 ut
629 2602 680 2676 est
705 2603 832 2692 miser,
856 2623 877 2675 a
901 2600 1011 2675 stadio
1037 2623 1112 2676 non
1139 2599 1278 2695 respicit
1305 2600 1451 2691 urbem,

441 2726 513 2796 Sed
538 2746 657 2820 neque
681 2726 864 2801 distantem
882 2728 1007 2824 jugera
1028 2728 1113 2802 bina
1137 2725 1304 2800 Pharum.

390 2847 499 2923 Unus
527 2868 659 2946 equum
676 2850 813 2943 palmus
841 2851 940 2923 cerni
967 2866 1085 2925 vetat:
1111 2851 1209 2921 unde
1235 2848 1404 2926 coturnix

437 2975 610 3066 Patebat,
632 2974 702 3070 jam
731 2973 794 3047 vir
820 2974 910 3047 Afra
936 2976 1081 3052 videtur
1104 2974 1192 3051 avis.

392 3100 499 3174 Ultra
523 3103 549 3175 fi
576 3099 735 3193 Chryses
757 3099 855 3174 foret
880 3121 900 3174 a
928 3101 1107 3196 Capitone
1132 3100 1344 3197 peruniius,

436 3226 483 3301 Se
506 3247 621 3321 prope
649 3246 717 3300 nec
741 3226 857 3301 lucam
882 3244 1045 3303 cerneret
1067 3230 1128 3298 ille
1153 3232 1297 3306 bovem.

695 3526 1241 3605 VH.Nrcancnn

382 3835 448 3909 Me
472 3853 544 3909 non
568 3830 732 3925 attigerat
755 3830 895 3918 Phidon
921 3855 1037 3932 neque
1060 3834 1194 3910 laverat
1218 3836 1361 3911 alvum:

429 3959 472 4034 In
496 3960 597 4036 febre
621 3959 680 4034 sed
705 3960 1028 4053 memininornen,
1055 3958 1093 4034 δι
1114 3960 1199 4036 hinc
1223 3962 1328 4066 perii.

561 4295 565 4301 ·
703 4261 1229 4357 vl11.EJnsnnn.

378 4568 573 4664 Aegrotam
598 4563 754 4641 medicus
780 4587 854 4642 non
879 4584 1015 4645 certum
1040 4570 1091 4643 est
1115 4570 1268 4663 laverit,
1294 4590 1385 4647 anne

425 4691 617 4766 Suffocarit
640 4711 766 4764 anumr
793 4711 861 4767 tarn
886 4698 996 4770 breve
1020 4697 1109 4771 fecit
1132 4719 1238 4792 opus.

378 4814 551 4906 Clysteris
574 4816 720 4891 sentitur
755 4816 871 4891 adhue
899 4823 1029 4914 sonus3
1052 4843 1132 4897 area
1158 4825 1302 4900 coronis

425 4940 618 5044 Cingitur3
647 4943 684 5021 δι
711 4946 887 5021 tunulum
913 4947 1031 5025 sedula
1055 4952 1159 5030 turba
1181 4965 1295 5050 parat.

955 5074 1017 5153 iii

1582 598 1662 677 433

1503 5084 1640 5185 Ejus·
