4809 6034
535 581 1359 667 .L1BERSECUNDU³.

751 811 1223 908 Ismenen.

407 1048 573 1145 Corrigat
601 1059 643 1121 ut
669 1046 794 1123 Socles
818 1049 977 1126 Diodori
1003 1050 1041 1125 in
1069 1068 1223 1144 corpore
1247 1049 1417 1148 gibbum,

342 1163 357 1194 ⁶
448 1175 562 1250 Trina
587 1172 686 1245 srmul
712 1174 818 1249 dorso
842 1176 919 1252 saxa
943 1176 1112 1273 quadrata
1135 1176 1251 1252 locat,

407 1302 473 1377 Ille
496 1299 597 1396 gravi
619 1303 751 1394 psellus
775 1300 896 1398 posuit
921 1301 987 1376 sub
1011 1299 1172 1395 pondere
1197 1304 1331 1399 visam,

451 1426 585 1504 Reuus
607 1426 677 1516 ita,
701 1443 742 1500 ut
766 1450 842 1504 non
869 1430 911 1505 lit
936 1429 1061 1526 regula
1085 1426 1181 1503 resia
1203 1431 1325 1531 magis·

757 1698 1194 1834 iouosonn.

410 1935 554 2014 Occidit
578 1933 766 2031 chirurgus
793 1936 1026 2011 Acestoriden
1051 1936 1221 2033 Agelaus.

454 2065 572 2154 Nam,
599 2063 625 2136 st
645 2061 808 2157 vixisset,
832 2064 980 2138 claudus
1007 2063 1118 2156 iisset,
1140 2064 1203 2137 ait.

759 2331 1214 2436 XLEJflsossr.

406 2570 513 2651 Lavit
530 2571 691 2666 quinque
712 2569 819 2662 alvo,
842 2570 993 2646 totidem
1020 2569 1189 2667 purgavit
1221 2568 1372 2656 Alexis,

458 2698 627 2793 Quinque
652 2696 750 2769 domi
776 2698 887 2788 vidit,
912 2699 1075 2795 quinque
1099 2697 1272 2793 perunxit
1294 2698 1392 2769 item.

403 2818 1306 2911 &mmmmmwmwu

453 2947 645 3041 Arcaque,
671 2941 739 3019 Dis
764 2965 880 3038 unus,
903 2947 1101 3046 naeniaque
1128 2946 1166 3023 &
1192 2945 1359 3022 tumulus.

749 3217 1197 3298 XH.Hsnsan

404 3455 500 3534 Proh
526 3474 594 3528 nec
621 3450 859 3548 Aristagoran
887 3451 1006 3547 tetigit
1031 3470 1099 3526 nec
1122 3450 1261 3548 proluit
1282 3451 1396 3550 Agis3

458 3579 620 3670 Intravit,
646 3579 754 3652 vitam
779 3574 882 3672 liquit
906 3574 1142 3673 Aristagoras.

408 3708 511 3806 Quae
535 3721 603 3780 tam
628 3701 803 3800 praesenti
828 3700 971 3796 rapiunt
995 3702 1139 3778 aconita
1162 3703 1333 3778 veneno?

452 3833 532 3908 Vos
557 3831 774 3927 vespillones
803 3824 916 3926 Agidi
940 3825 1032 3904 serta
1056 3827 1150 3904 date.

713 4097 1261 4178 XIll.Nrcsucrr1.

409 4321 559 4424 Quaeris
584 4323 620 4396 in
643 4322 698 4396 his
722 4320 869 4396 tumulis
892 4318 1026 4395 condat
1051 4342 1145 4418 quos
1168 4337 1285 4414 terra,
1310 4320 1455 4397 viator?

453 4449 594 4524 Funera
618 4469 710 4544 quae
733 4448 821 4523 fecit
846 4447 1044 4539 Zopyrus,
1068 4444 1127 4518 hic
1147 4449 1211 4521 fita
1234 4446 1328 4524 sunt.

405 4574 551 4664 Darnis,
578 4575 814 4664 Aristoteles,
838 4572 1068 4663 Demetrius,
1093 4573 1319 4666 Arcesrlaus,

455 4701 629 4775 Sostratus
658 4702 696 4774 ἃ
720 4700 860 4777 soboles
884 4720 997 4796 usque
1022 4693 1283 4775 Paraetonium.
1563 4785 1577 4830 ⁴

404 4826 552 4923 Virgatn
575 4847 727 4922 namque
753 4847 903 4923 regens,
931 4826 967 4899 ἁ
992 4825 1125 4898 habens
1149 4825 1296 4922 talaria,
1321 4840 1449 4903 terram

453 4955 620 5052 Aegros,
644 4952 816 5029 Mercurii
841 4971 964 5042 more,
989 4952 1104 5027 subire
1133 4949 1232 5029 facit.

919 5077 980 5155 lii
1005 5099 1029 5156 2
1436 5072 1500 5152 xi
1509 5074 1557 5154 V.
1589 5072 1666 5151 Its-
