4809 6034
622 576 629 588 '
707 595 959 680 etune
1008 598 1338 686 ptumus.
1626 620 1706 717 '1⁸7

797 823 1241 905 vilecetrt

441 1052 562 1129 Fistus
586 1070 684 1129 amor
713 1067 797 1129 tuus
822 1051 895 1126 est:
921 1064 1037 1128 metus
1063 1051 1188 1128 tutior
1212 1072 1248 1133 et
1265 1052 1559 1162 tutioregestas,

486 1179 577 1256 Nun
593 1180 652 1256 est
675 1178 760 1274 hic,
785 1177 884 1253 credi
922 1179 983 1255 cui
1003 1180 1096 1256 bene
1120 1178 1250 1277 polit,
1273 1202 1384 1263 amor.

673 1481 1368 1564 TITULUSXLIII.

839 1668 917 1829 ¹Da
942 1734 1172 1853 Judicibut.

794 1996 1207 2121 Liuczuuu

429 2233 534 2309 Celta
557 2233 663 2308 ferox
687 2222 826 2326 partum
851 2232 1031 2309 taedarum
1055 2228 1199 2311 vindice
1226 2232 1359 2310 Rheno
1417 2270 1419 2274 ·

422 2358 626 2453 Explorat,
649 2357 846 2453 genitoque
868 2379 996 2452 parens
1021 2359 1122 2455 prius
1141 2361 1210 2432 effe
1240 2361 1400 2453 recusat,

423 2484 540 2583 Quam
565 2481 683 2558 videat
706 2481 793 2555 sacri
819 2482 1000 2558 lustratum
1025 2480 1182 2557 fluminis
1208 2482 1317 2558 unda.

417 2606 512 2682 Nam
536 2609 889 2704 fimumque-infans
912 2626 1069 2685 materna
1095 2609 1216 2703 lapsus
1243 2610 1287 2682 ab
1309 2609 1393 2683 alvo

421 2735 495 2808 Ore
521 2732 602 2810 rudi
624 2736 761 2831 primos
781 2735 888 2808 fletus
912 2722 1006 2823 ciet,
1031 2726 1109 2824 ipse
1128 2731 1319 2837 iubentem
1330 2783 1346 2825 ,

418 2862 498 2956 Ipse
525 2875 625 2957 pater
654 2872 806 2954 puerum
831 2857 941 2954 clipei
966 2857 1066 2930 ferus
1095 2859 1184 2934 orbe
1219 2860 1390 2956 reponit:

416 2985 499 3061 Nec
526 2986 591 3061 niii
620 3002 700 3061 cum
724 2983 856 3060 ¹censor
881 2983 1056 3059 thalamos
1080 2984 1275 3061 absolvetit
1300 2986 1436 3082 amnis,

414 3112 538 3188 Induit
562 3116 745 3189 excussum
767 3113 940 3209 violente·
953 3104 1100 3209 metiore
1120 3124 1275 3209 petrem.

410 3236 574 3329 Interea,
601 3244 739 3334 praeter
763 3240 936 3333 Lucinam
959 3243 1053 3337 paffa
1079 3238 1246 3334 dolores,

413 3365 619 3464 Quamlibet
643 3365 737 3440 haud
756 3367 858 3442 dubii
879 3362 1053 3466 genitoris
1077 3368 1218 3443 conscia
1245 3380 1356 3441 mater

405 3488 574 3581 Pendet,
597 3488 635 3562 &
668 3492 862 3585 ancipitum
889 3491 1000 3585 juiius
1025 3489 1195 3564 formidat
1216 3511 1401 3585 aquarum.

651 3736 1238 3817 ,IiPeuaanam

406 3967 526 4042 Nemo
552 3963 651 4039 fimul
674 3960 790 4039 facilis
814 3964 991 4069 populum
1014 3962 1228 4063 saniiueque
1250 3964 1450 4069 gubemat:

454 4095 579 4167 Altera
600 4104 726 4163 natura
744 4106 806 4165 ,res
830 4089 924 4181 petit
940 4091 1094 4166 alterius.
1196 4070 1203 4093 ⁸

283 4263 290 4271 -
402 4217 476 4317 Qui
500 4215 623 4290 faciles
648 4211 817 4305 capiunt,
841 4213 1090 4308 renuunt-qui
1114 4212 1231 4304 duna,
1256 4216 1419 4311 superbi:

449 4342 549 4419 Haec
575 4341 646 4418 duo
673 4355 753 4414 nam
779 4333 893 4412 virtus
919 4358 986 4433 per
1011 4337 1102 4412 maia
1125 4337 1265 4432 semper
1290 4340 1374 4437 agit.
1462 4428 1468 4437 x

739 4588 1212 4711 III.EJueuem.

395 4804 479 4908 Νὴ
506 4835 593 4914 quae
616 4816 718 4891 setta
740 4815 831 4906 fuit,
855 4815 916 4891 itt
932 4828 1117 4909 muttum,
1140 4830 1293 4907 caueto,

443 4944 527 5019 Hoc
552 4958 657 5021 vetus
682 4941 734 5019 eii
754 4939 909 5019 diuum:
930 4963 1030 5029 nume
1054 4963 1124 5040 ego
1148 4942 1231 5021 diuo
1253 4956 1402 5022 nomm.
1471 4956 1473 4959 ’

956 5068 1067 5143 Aua
1407 5126 1409 5133 1
1490 5070 1641 5191 Πρωὶ
