4809 6034
718 580 972 660 LIBER
1023 581 1362 665 PRIMUS.

824 868 1318 947 limenun·

455 1153 649 1253 juppiter,
673 1155 818 1251 eripiam
844 1159 910 1236 tini
939 1157 1100 1252 spicula,
1123 1157 1218 1235 dixit
1244 1162 1396 1242 Amori:

507 1279 596 1374 Ille,
621 1295 728 1358 tona:
755 1283 844 1376 fies,
868 1304 949 1361 curn
973 1283 1085 1378 volo,
1107 1285 1230 1363 rursus
1257 1290 1349 1367 olor.

741 1630 1120 1716 TITULU·S
1171 1638 1300 1719 VIIL

886 1952 937 2040 In
977 1954 1190 2042 Wrtutem.

761 2264 1225 2388 >lplracaa'rr.

451 2605 486 2681 Ο
511 2624 603 2700 quos
624 2605 776 2680 instituit
800 2606 895 2680 sacra
919 2607 1107 2700 porticus,
1134 2609 1271 2704 optinra
1294 2629 1448 2707 quorum
1534 2656 1538 2662 -

447 2824 454 2832 ι
496 2713 665 2808 Fortibus
691 2734 728 2807 in
753 2733 852 2808 libris
878 2754 944 2806 nos
968 2749 1199 2837 monumenta
1221 2733 1380 2829 docent,

449 2856 567 2931 Unica
604 2859 769 2934 virtutem
793 2859 920 2933 mentis
954 2859 1069 2932 bona:
1097 2858 1233 2932 scilicet
1258 2881 1330 2934 una

496 2984 651 3080 sospitat
672 2983 732 3058 illa
765 2986 895 3073 urbes,
919 2983 1067 3078 sospitat
1084 2984 1145 3057 illa
1171 2984 1283 3062 viros.
1328 2980 1332 2994 ¹

450 3113 516 3188 Ast
541 3113 617 3185 aliis
648 3134 715 3208 pro
741 3113 813 3187 fine
846 3112 945 3208 sequi
974 3132 1066 3208 quae
1090 3109 1209 3186 dulcia
1236 3111 1340 3187 sensu

491 3239 671 3315 Monstrat
695 3237 954 3331 Mnemosynes
978 3237 1022 3311 de
1048 3258 1157 3338 grege
1173 3236 1304 3314 blanda
1322 3237 1436 3318 soror.

623 3531 678 3605 11.
715 3530 828 3629 Qum
853 3548 1027 3605 nrxarrr
1054 3528 1162 3624 Juno
1189 3530 1437 3619 Hereum„

871 3653 908 3724 in
934 3649 1027 3725 Deos
1054 3653 1174 3732 rosan.

382 3990 398 4039 ἓ
437 3978 572 4073 Magna
598 3912 687 4065 tibi,
711 3972 773 4046 sed
800 3970 893 4046 enirn
917 3970 1027 4046 viruti
1055 3970 1176 4048 debita
1208 3985 1328 4047 tantae

438 4102 515 4179 Dat
538 4114 663 4196 pater,
690 4097 842 4173 Alcide:
868 4117 949 4172 nam
977 4097 1057 4193 po'st
1084 4098 1276 4175 certamina
1293 4099 1404 4195 ionga

437 4227 537 4305 Dant
557 4223 742 4302 hominum
765 4223 890 4323 generi
921 4223 1033 4300 decue
1055 4223 1253 4302 immortale
1273 4224 1427 4300 labotes.
1526 4224 1530 4233 ‘

839 4513 924 4591 111.
970 4512 1027 4591 De
1049 4514 1192 4595 Eodem.

439 4802 497 4880 Te
512 4805 615 4886 labor
640 4807 679 4886 dt
697 4805 838 4900 virtus,
863 4818 920 4883 tot
946 4806 1113 4886 desudata
1136 4803 1303 4903 periclis,

432 4928 535 5010 ¹Ante
554 4930 673 5013 datum
689 4933 804 5031 nulli,
837 4931 984 5012 coelesti
1007 4936 1048 5012 in
1069 4932 1152 5012 sede
1173 4932 1350 5010 locanmt.

1020 5058 1053 5137 F

1440 5114 1449 5133 .
1569 5048 1694 5131 ons·
