4809 6034
603 571 852 656 LIBER
903 567 1377 661 SECUNDUS.

612 785 1363 904 V.Aoern1es‚Sckolofiirt

402 1091 525 1168 Nemo
547 1107 631 1170 tuos
650 1092 757 1170 audet
776 1093 901 1170 laeuos
923 1090 1080 1188 spectare
1100 1093 1279 1187 molares,

451 1222 501 1297 Et
525 1237 583 1296 tur
610 1236 800 1316 propterea
827 1218 949 1293 limina
971 1219 1123 1316 quisque
1145 1221 1257 1318 fugit.

401 1346 495 1422 Nam
527 1365 654 1444 regnet
668 1367 746 1422 cum
765 1347 840 1421 dira
861 1346 973 1420 fames
995 1344 1244 1438 Erysichtonis
1260 1347 1298 1423 in
1324 1361 1386 1443 te,

452 1472 541 1573 Quis
569 1473 634 1547 scit
656 1473 821 1549 convivis
846 1488 969 1580 parcat
993 1491 1039 1547 an
1063 1472 1124 1545 illa
1148 1473 1250 1549 tuis?

398 1599 465 1674 Me
489 1617 586 1674 certe
610 1600 752 1696 capient
775 1615 959 1692 nunquam
984 1610 1046 1671 tua
1073 1595 1187 1690 tella,
1211 1599 1424 1677 recalvom

447 1723 630 1822 Ingrediar
644 1722 773 1798 vastam
799 1722 1011 1799 dilaceratus
1044 1743 1127 1821 ego.

397 1847 458 1924 Ad
483 1865 519 1923 te
543 1850 755 1940 nveniam,
780 1868 865 1944 prae
889 1872 945 1923 me
970 1849 1059 1924 nihil
1083 1852 1168 1926 ellet
1194 1851 1357 1947 Ulynes,

446 1975 519 2074 Qui
543 1976 684 2067 Scyllae
712 1990 838 2048 contra
860 1973 896 2048 se
915 1974 1026 2048 trucis
1053 1993 1115 2048 ora
1138 1975 1236 2051 tulit.

395 2102 530 2200 Justius
554 2102 592 2174 δι
619 2098 715 2175 dicar
737 2099 888 2191 sollers,
912 2099 1060 2176 evasero
1084 2101 1111 2176 sr
1136 2112 1199 2193 te,
1276 2145 1279 2148 -

445 2228 534 2303 Non
557 2228 676 2302 levius
691 2226 904 2319 monstrum,
921 2242 1028 2323 quam
1046 2224 1294 2321 Polyphemus
1315 2244 1404 2307 erat.

717 2541 1236 2623 VLParnnnam

390 2845 500 2921 Filius
527 2843 564 2918 ἀ
589 2843 732 2941 genitor
755 2840 883 2916 mirum
907 2852 1086 2948 certamen
1110 2837 1315 2934 habebant,

438 2970 605 3066 Amplius
630 2989 680 3043 ex
704 2967 813 3042 censu
838 2969 990 3063 perdere
1012 2966 1129 3063 pollet
1143 2977 1237 3039 uter.
1313 3029 1315 3038 ,

389 3099 499 3175 Nunc
523 3096 633 3194 igitur
655 3109 844 3193 postquam
862 3092 1074 3188 patrimonio
1097 3106 1175 3166 totu
1196 3101 1397 3188 vorarunt,
1484 3133 1488 3138 -

435 3225 541 3300 Alter
556 3236 595 3297 ut
622 3221 768 3298 alterius
792 3240 946 3317 corpora
962 3219 1069 3295 rellat
1090 3217 1212 3296 edant.

727 3535 1246 3636 vlrnposrsrm
1440 3603 1444 3608 ,

385 3839 570 3921 Convivas
592 3834 757 3938 parcebat
779 3832 856 3910 rvis
879 3853 947 3909 nos
970 3832 1068 3908 forte
1093 3843 1267 3924 vocatos,

432 3972 485 4043 At
506 3964 651 4040 miseros
674 3963 762 4036 aliae
786 3983 855 4038 nos
879 3962 1070 4057 epulantur
1092 3977 1190 4037 aves.

384 4096 458 4196 Qui
483 4094 633 4187 Titpum
655 4091 811 4165 lacerant
834 4088 930 4184 apud
954 4109 1078 4166 orcum
1100 4075 1179 4163 sunt
1202 4085 1307 4192 duo,
1329 4083 1392 4163 sed
1413 4107 1484 4169 nos

429 4219 518 4297 vivi
538 4215 705 4295 vulturiis
727 4230 900 4311 quartuor
924 4232 1005 4286 esca
1028 4212 1156 4287 sumus.

646 4473 1214 4609 ‘vuarocrann

377 4826 535 4903 Delicias
556 4846 580 4899 s
601 4795 659 4898 me
680 4823 836 4914 faciant,
861 4819 1087 4914 nonense,
1111 4817 1226 4916 longe

425 4952 508 5029 lllas
530 4948 613 5028 dico
638 4961 735 5046 tuas,
761 4951 893 5050 quaeso
917 4965 1081 5066 rogoque
1106 4943 1224 5027 neos.

874 5086 878 5091 ’
1525 5074 1636 5155 Nam·
