4809 6034
665 553 732 612 m
976 510 1363 619 trunonis
1415 492 1792 609 urorrr'

558 780 563 801 ,
664 728 714 804 ita
736 724 921 843 luculente
949 722 1150 849 descripta,
1171 737 1215 798 ut
1239 723 1298 799 oei
1313 718 1406 802 ‘hinc
1429 728 1467 802 in
1492 727 1632 804 nostrae
1656 729 1780 805 aeteus
1801 731 1908 807 usum
1925 737 2025 812 retii*-

550 944 555 955 κ
664 881 715 958 tui
741 898 822 955 curn
856 879 1014 975 ipsorum
1040 880 1155 977 gloria
1171 879 1319 976 poffint..
1361 881 1561 980 Praecipue
1578 904 1669 980 quae
1694 884 1730 958 se
1750 885 1953 964 Po'e'sidant
1970 896 2024 966 in»

620 1010 622 1021 ¹
664 1038 791 1138 genia,
816 1036 995 1112 materiam
1019 1033 1131 1131 hinc,
1158 1034 1196 1109 dt
1223 1035 1389 1111 alimenta·
1410 1038 1618 1135 accipient,
1650 1041 1853 1136 conspesiis
1879 1045 2025 1121 illustri

663 1192 728 1270 bus
753 1193 938 1285 Deorum,
970 1190 1151 1282 Beatum,
1178 1193 1367 1283 Heroum,
1396 1192 1636 1270 Heroinarum
1660 1196 1896 1294 imaginibus,
1920 1200 2023 1297 hyms

662 1346 751 1437 nis,
792 1346 1031 1447 laudibusque
1060 1345 1193 1439 lestis,
1228 1347 1268 1424 or
1290 1364 1371 1424 toto
1396 1350 1597 1427 fabularum
1631 1352 1837 1450 choragio,
1872 1364 2024 1453 quaein
2059 1314 2062 1320 Ι

664 1501 826 1579 n'rriolz
850 1503 1062 1581 trailaverat
1086 1503 1344 1597 Callimachus,
1380 1505 1499 1597 libro,
1532 1508 1598 1604 qui
1617 1507 1655 1582 su
1673 1508 1732 1582 his
1750 1511 2029 1610 Epigrammatis

663 1658 703 1735 dt
721 1662 880 1737 Martiali
896 1683 937 1735 ac
963 1661 1090 1736 Servio
1114 1676 1341 1738 memoratur.
1395 1662 1475 1756 ipsa
1490 1661 1679 1737 Po‘e‘tarum
1700 1683 1861 1742 veterum
1880 1674 2023 1768 ingenia
2061 1674 2067 1699 ¹

664 1812 703 1890 dt
728 1836 838 1913 opera
862 1836 1038 1915 nusquam
1064 1817 1227 1893 feliciore
1251 1817 1374 1891 colore
1395 1815 1546 1912 depidia.
1598 1817 1702 1917 Quos
1726 1818 1775 1891 ad·
1800 1822 2023 1901 scrutandum

661 1986 822 2049 naturam
854 1993 972 2049 rerum
997 1971 1070 2048 sert
1102 1973 1175 2047 altr
1203 1972 1259 2049 vis
1292 1970 1446 2064 animi,v
1475 1973 1567 2048 ledia
1602 1974 1692 2051 alibi
1725 1996 1816 2050 cum
1837 1980 2031 2076 voluptate

660 2128 834 2222 quaedam
859 2129 1004 2227 penitus
1023 2130 1229 2226 impriment
1253 2132 1395 2222 animo,
1417 2131 1522 2206 itaut
1546 2146 1726 2230 nequeant
1750 2132 1854 2209 elabi.

712 2281 864 2360 Gustum
886 2288 1041 2385 aliquem
1065 2286 1158 2363 da-bo
1182 2308 1229 2361 ex
1252 2285 1319 2378 iis,
1355 2305 1448 2383 quae
1472 2286 1549 2362 aliis
1583 2287 1795 2383 praeterita:
1835 2290 1892 2365 cui
1917 2290 2033 2369 addet

660 2424 845 2518 innumera
885 2441 1038 2540 diligens
1081 2441 1295 2518 observatio.
1366 2441 1484 2542 Quod
1523 2440 1569 2517 de
1606 2444 1703 2538 lupis
1732 2443 1829 2519 dixit
1861 2445 2027 2540 Bianor,

662 2594 701 2674 in
731 2598 862 2675 librum
894 2598 1055 2696 primum·
1080 2596 1140 2671 hic
1173 2597 1304 2673 relatus
1335 2598 1372 2672 in
1408 2599 1522 2673 timrlo
1552 2597 1599 2670 de
1630 2596 1879 2691 Animalibus,
1913 2600 2024 2677 idda

613 2842 618 2863 Q
663 2755 780 2831 cervis
803 2752 896 2831 dixit
923 2754 1083 2848 Plinius,
1133 2775 1224 2830 nare
1247 2774 1313 2849 per
1336 2772 1445 2852 aquas
1471 2751 1570 2829 resto
1596 2752 1722 2828 ordine
1756 2751 1795 2827 dt
1819 2752 1935 2848 capita
1957 2755 2024 2829 ima⁴
2150 2858 2157 2871 ⁶

569 2882 571 2887 ¹
659 2924 839 3006 ponentes
860 2890 1157 3007 praecedentium
1174 2909 1369 2987 clunibus·
1408 2907 1518 3005 Apud
1552 2907 1715 2987 eumdem
1735 2976 1737 2978 .
1758 2908 1914 3005 reperies
1952 2910 2024 2985 Pli⁴

662 3065 787 3162 nsum,
812 3066 912 3167 quod
931 3069 1077 3145 alterius
1101 3068 1362 3165 epigrammatis
1383 3080 1634 3163 argumentum
1666 3063 1740 3155 est,
1776 3085 1902 3161 caprae
1933 3065 2026 3141 india

644 3234 764 3316 dum,
779 3255 781 3260 ·
797 3226 924 3303 oculos
949 3242 992 3303 ut
1015 3223 1164 3304 suffusos
1179 3226 1278 3322 junci
1300 3222 1438 3321 pundio
1463 3221 1635 3319 sanguine
1670 3235 1855 3294 exoneret.
1907 3220 2025 3317 Aqui·-

660 3374 730 3451 iarn
754 3381 791 3456 in
820 3380 953 3458 Rhodo
977 3404 1053 3460 non
1078 3381 1176 3458 cerni
1197 3381 1300 3456 idem
1318 3403 1384 3457 nos
1407 3379 1515 3454 docet
1542 3379 1581 3453 &
1608 3374 1842 3465 Suetonius,
1882 3376 1943 3471 qni
1964 3373 2026 3447 ads
2131 3367 2142 3378 ’

660 3529 715 3607 dit
738 3551 805 3627 pro
828 3534 929 3607 felici
951 3538 1103 3614 ostento·
1128 3538 1281 3613 Tiberio
1311 3535 1504 3626 habitum,
1544 3532 1650 3629 quod
1671 3533 1708 3605 in
1735 3531 1858 3604 eadem
1890 3531 2027 3621 insula,

663 3686 703 3763 ot
728 3680 869 3782 quidem
893 3685 1042 3759 culmini
1063 3683 1191 3758 domus
1209 3683 1369 3771 Tiberii,
1393 3685 1580 3773 affederit3
1605 3683 1701 3758 unde
1719 3636 1885 3761 discimus
1905 3685 2026 3762 Nero·

663 3862 754 3919 nem·
768 3844 807 3918 in
833 3838 1076 3940 Apollonidue
1104 3837 1259 3915 carmine
1287 3852 1519 3917 memoratum
1546 3836 1646 3913 illum
1671 3839 1786 3936 ipsum
1811 3843 1880 3917 esse
1913 3843 2026 3922 Tine,

665 3999 769 4075 rium.
842 4046 846 4049 -
974 4040 977 4047 ι
1981 4108 1985 4116 ¹

713 4156 757 4234 In
779 4154 939 4232 Palladae
964 4157 1148 4247 versibus,
1171 4175 1263 4252 quac
1287 4156 1355 4232 lint
1380 4150 1547 4249 Zizypiir
1570 4173 1617 4228 ex
1651 4154 1779 4230 eodem
1805 4154 1925 4230 Plinio
1949 4166 2025 4233 non

666 4335 740 4390 uno
772 4315 856 4388 loco
883 4315 933 4389 est
956 4314 1113 4405 discere,
1138 4303 1334 4410 &pulegii
1360 4310 1432 4385 uim
1457 4309 1501 4383 ad
1526 4310 1740 4386 recreandos
1765 4309 1926 4387 defemos
1951 4318 2025 4393 ani·

664 4493 752 4564 mo,
785 4471 830 4545 ad
853 4490 962 4569 quam
982 4467 1106 4545 alludit
1124 4460 1301 4544 lucillius
1323 4490 1341 4541 :1
1374 4466 1412 4543 du
1433 4442 1611 4558 bromon‚
1642 4468 1791 4567 Juliano
1816 4468 2033 4565 Imperatori

627 4698 631 4705 .
664 4648 897 4708 memoratum
932 4628 969 4702 in
1004 4625 1119 4720 Zythi
1148 4622 1417 4717 descriptione,
1469 4623 1587 4697 semen
1627 4623 1696 4695 elie
1721 4623 1860 4718 spicam
1875 4624 2036 4700 ferentis

664 4787 807 4868 inbre
860 4786 959 4863 'lum
984 4802 1071 4859 vero
1103 4778 1381 4858 Puteolanorum
1406 4778 1595 4875 pulverem
1618 4776 1787 4877 undique
1803 4779 2025 4877 inexpugna-

1971 4932 2024 5009 iri,
