4809 6034
674 615 1357 701 ¹1⁴..1usnr.·un1ur.us·.··

441 839 515 939 Qui
541 835 660 914 causas
683 838 795 933 dixit,
820 841 950 923 causas⁸
965 854 1011 921 ne
1037 842 1179 938 judicet
1196 859 1380 947 turquens,

484 965 644 1061 Eloquio
673 965 835 1062 quamvis
864 968 907 1042 lit
934 967 1037 1062 prior
1061 967 1228 1044 Isocrate.

438 1090 531 1167 Nam
558 1089 683 1165 solitus
709 1090 829 1165 causas
855 1093 975 1169 venali
993 1092 1111 1169 dicere
1135 1094 1284 1193 lingua,
1340 1150 1345 1159 .
1423 1176 1427 1181 ,

483 1216 573 1293 Non
597 1232 635 1289 et
656 1214 826 1311 judicium
851 1218 1008 1297 vendere
1025 1243 1101 1301 nun
1126 1222 1293 1316 poterit?
1408 1224 1412 1229 ’
1481 1294 1484 1303 .
1552 1228 1556 1235 ’

608 1350 628 1373 ,,
716 1328 843 1368 sl'.
1192 1366 1199 1375 .
1412 1332 1524 1379 ital

632 1586 701 1611 ‚-
782 1506 861 1585 lv.
903 1507 1255 1607 EJusussr.

482 1797 581 1872 iuter
603 1795 839 1909 philosophos
868 1799 906 1875 dc
934 1797 1036 1875 Deus
1051 1817 1108 1875 me
1123 1797 1246 1911 judice
1268 1797 1349 1895 est,

487 1922 603 2022 Quem
628 1946 704 1999 non
728 1927 774 2000 ad
797 1927 883 2002 iranr
907 1927 1147 2003 contumeliae
1172 1938 1348 2018 mouent,

482 2051 554 2126 Sed
582 2051 626 2124 ad
650 2051 823 2130 scelestos
840 2054 887 2129 fic
911 2052 1013 2127 venit
1033 2051 1278 2147 lento-pede,

484 2175 539 2253 Ut
562 2178 759 2255 tarditatem
783 2200 900 2277 poena
924 2180 1131 2274 compenset
1153 2174 1300 2277 grauis,⁴

794 2467 846 2548 V.
881 2467 915 2544 ii
940 2486 959 2564 J
984 2487 1012 2542 u
1039 2484 1059 2542 s
1084 2485 1114 2541 u
1138 2485 1165 2541 ι
1190 2486 1240 2541 st.

438 2753 533 2832 Cum
557 2754 753 2851 praeferret
775 2754 854 2831 heri
875 2752 1011 2831 tristem
1036 2731 1387 2842 videaturunus,

481 2883 617 2958 Nescio
641 2881 744 2979 quis,
769 2879 855 2977 quid
877 2896 913 2954 te
939 2894 1010 2954 tam
1032 2880 1150 2971 male,
1172 2876 1286 2970 dixit,
1308 2872 1447 2954 habeta

433 3006 606 3084 Reddidit
629 3006 715 3098 illa,
740 3005 866 3082 dolens
892 3019 1064 3081 eventum
1084 2996 1157 3077 litis
1182 3004 1358 3102 iniquae,
1386 3030 1393 3045 s

486 3133 591 3208 Solus
615 3132 653 3207 id
675 3132 849 3233 ignorari
874 3132 949 3233 sum
974 3132 1057 3233 data
1085 3128 1256 3235 Patricio.

436 3259 525 3336 Non
550 3260 661 3357 igitur
683 3261 756 3337 line
783 3259 860 3357 jure
884 3257 1017 3351 dolet,¹
1033 3255 1132 3356 quod
1161 3234 1301 3352 sumsit
1321 3253 1419 3332 ulam

484 3383 681 3475 Patricius,
705 3400 854 3460 ventum
877 3383 1063 3482 quomodo
1087 3398 1196 3461 nauta
1217 3383 1326 3458 solet.

661 3706 1374 3789 TITULUSXLIV.

462 4001 530 4089 De
545 4000 631 4110 hir,
659 4000 935 4113 quintasius,
964 3996 1358 4114 selsilutuse'rmone
1365 3992 1573 4111 stridunt.

712 4305 1327 4383 Lunensnronrs.

436 4591 551 4668 Null't
572 4608 661 4690 puro
686 4589 802 4670 Mufis
826 4594 1075 4692 epigrammata
1096 4576 1209 4696 longi·
1230 4596 1397 4693 placeret

486 4718 576 4794 Non
607 4719 677 4794 hoc
701 4710 926 4798 en'stadium
951 4727 1108 4815 credite,
1135 4718 1233 4821 quud
1256 4721 1454 4819 dolichos·x
1761 4808 1771 4818 ,

435 4840 664 4938 Multiplices
677 4845 840 4923 dolichos
865 4851 977 4925 fleres
1001 4851 1130 4924 habet:
1155 4849 1252 4924 haud
1265 4847 1477 4946 cuturn,
1597 4830 1600 4837 ’
1723 4820 1748 4835 ”

483 4969 636 5048 senune
657 4988 694 5047 at
717 4974 832 5049 multu
856 4975 1066 5075 spiritusin
1087 4973 1217 5050 audie
1322 5050 1331 5065 ‚
1358 5056 1361 5059 ,

994 5098 1059 5176 Aa
1082 5121 1110 5196 3
1304 5072 1312 5087 ’
1527 5089 1589 5170 11.
1610 5086 1699 5170 C!-
