4809 6034
401 519 1130 779 HUGONIS
1159 510 1763 779 GROTII

581 996 1593 1148 PROLEGOMENA
1743 1010 1749 1021 ’

465 1774 1724 1948 ANTHOLOGIAE

609 2060 1591 2320 EDITIONEni.

398 2605 798 2831 ‘Epigrammatum
829 2746 922 2826 quae
947 2727 989 2802 fit
1014 2727 1144 2824 origo,
1180 2742 1255 2800 vox
1279 2719 1355 2818 ipsa
1379 2720 1538 2815 indicat,
1570 2737 1781 2820 quemquern

420 2888 515 2983 usu,
540 2902 579 2963 ut
603 2887 668 2977 fit,
694 2884 855 2957 latiorem
873 2883 910 2956 in
930 2881 1178 2976 possessionem
1196 2877 1352 2956 inducta.
1407 2876 1482 2977 Qui
1504 2875 1587 2952 Diis
1608 2876 1782 2953 Gentium

421 3040 569 3119 donaria
589 3038 799 3131 sacrabant,
837 3057 970 3113 nomen
997 3035 1096 3109 suurn
1128 3034 1274 3133 Deique
1299 3033 1457 3111 breviter
1482 3032 1665 3131 fignabant
1675 3081 1692 3125 ,
1716 3049 1779 3110 aut

421 3196 538 3273 soiuta
561 3192 749 3287 oratione,
787 3209 829 3270 ut
863 3194 1086 3269 Naufieratea
1117 3191 1155 3268 in
1186 3190 1369 3287 Delphica
1390 3189 1525 3268 .Plinio
1556 3206 1781 3284 tnetnorata,
1863 3274 1871 3307 ,x

423 3369 511 3446 aut,
532 3350 633 3449 quod
657 3350 853 3449 legentium
877 3312 1065 3424 tremor-iae
1084 3347 1309 3444 expeditius,
1333 3350 1494 3426 sermone
1518 3346 1654 3425 vinsto.
1706 3350 1785 3425 An·
1876 3314 1884 3325 x

423 3509 610 3603 tiquissrnri
633 3508 671 3582 in
698 3508 838 3582 Gracia
854 3509 978 3582 versus
1003 3504 1128 3596 suere,
1152 3526 1246 3600 quos
1270 3523 1368 3578 nunc
1394 3503 1575 3578 Hernicos
1597 3502 1782 3599 dicimus,

425 3676 512 3737 tunc
536 3656 658 3753 Pythii
683 3658 928 3745 vocabantur,
961 3657 1058 3749 quod
1084 3659 1137 3727 eis
1170 3655 1300 3745 Pythia
1322 3667 1422 3730 vates
1455 3653 1624 3750 responsa
1649 3656 1783 3735 ederet.
1834 3634 1837 3641 ’

428 3815 529 3894 Talis
553 3815 605 3888 est
629 3811 688 3885 illa
722 3806 959 3905 antiquissima
995 3809 1182 3906 inscriptio
1206 3811 1252 3887 ab
1285 3811 1582 3907 Amphitryone,
1614 3813 1787 3923 Herodo-

427 3987 466 4045 to
490 3983 703 4056 memorata,
735 3961 896 4056 dactylos
918 3934 1079 4060 spondeo
1093 3967 1287 4044 claudens.
1340 3971 1435 4046 Natu
1457 3971 1565 4047 serius
1590 3970 1728 4067 irrepsit
1744 3971 1787 4047 li·

429 4123 544 4201 centia
567 4122 663 4215 ipsos
687 4118 851 4214 stayros
877 4120 1043 4217 spondeis
1061 4124 1336 4220 compensandi,
1363 4141 1406 4202 ut
1423 4128 1461 4204 in
1478 4127 1521 4202 iis
1537 4145 1629 4222 quae
1654 4125 1785 4202 Scaeas

432 4276 699 4373 Hippocoontis
727 4275 765 4351 &
791 4276 985 4353 Laodamas
1013 4265 1174 4355 Eteoclis
1199 4280 1265 4357 iiiii
1297 4279 1463 4376 posuere.
1513 4280 1564 4355 Et
1598 4281 1680 4378 quia
1710 4283 1788 4359 sen·

329 4462 332 4465 ·
432 4431 505 4505 suna
529 4431 633 4526 saepe
663 4450 758 4507 unus
786 4431 908 4509 versus
943 4455 1016 4527 non
1050 4435 1301 4532 exprimeret,
1343 4457 1411 4512 nec
1436 4436 1529 4511 duos
1553 4436 1654 4511 locus
1692 4458 1790 4516 coru·

433 4587 538 4665 mode
563 4589 761 4683 reciperet,
786 4588 944 4685 adjuntti
969 4592 1072 4688 saepe
1096 4593 1217 4670 versui
1240 4608 1470 4671 excurrentes
1496 4593 1606 4690 pedes
1629 4592 1789 4690 aliquot,
1824 4640 1835 4661 .

435 4743 535 4841 quod
557 4713 744 4819 Pausaniae
770 4728 954 4841 notatum,
980 4749 1019 4823 tc
1040 4749 1079 4827 in
1104 4744 1167 4824 iilo
1197 4747 1397 4844 Cypselino
1415 4749 1460 4825 de
1483 4749 1620 4830 Helena
1638 4773 1659 4827 a
1686 4755 1792 4846 Tyn·

435 4894 564 4975 daridis
588 4917 816 5028 recuperata,
840 4904 989 5006 aliisque
1020 4906 1192 5006 exemplis
1215 4923 1374 5007 apparet.
1400 4926 1408 4940 ·
1432 4902 1794 5007 Frequentisfinum,
