4809 6034
623 533 1543 661 PROLEGOMHENA.
1713 563 1770 633 ure⁴

387 735 486 811 acria
513 730 551 809 dc
576 730 742 808 excitata.
793 731 852 806 Ac
874 730 965 807 ficut
988 731 1026 809 in
1049 732 1325 827 connouerssis,
1358 736 1423 814 ubi
1440 751 1523 813 nata
1551 748 1626 814 erat
1657 757 1755 825 nova

265 967 271 973 .
390 895 481 967 haec
502 889 731 987 eloquentia,
755 887 910 962 feliciter
932 908 1008 965 eant
1034 889 1253 984 usurparunt
1287 892 1423 970 Seneca
1452 910 1577 988 pater,
1609 892 1648 968 bc
1673 892 1754 987 post

394 1070 475 1124 eum
505 1044 783 1146 potnerunt„
822 1044 871 1119 na
894 1043 941 1121 au
977 1045 1107 1140 nrrpea
1131 1047 1281 1122 marene
1305 1050 1424 1143 grava
1462 1006 1645 1126 traducere
1678 1069 1753 1126 om

391 1204 619 1281 subtilitatem
644 1200 714 1274 ausr
738 1219 784 1272 ex
813 1202 961 1276 Annaea
979 1201 1112 1295 domo,
1145 1204 1282 1281 Seneca
1305 1205 1401 1283 filius
1424 1205 1461 1281 in
1488 1205 1752 1301 Philosophiam

394 1362 433 1435 dc
453 1356 695 1456 Tragoedias,
718 1356 848 1431 Florus
864 1355 902 1433 in
923 1358 1111 1435 Historias.
1164 1359 1233 1436 His
1259 1358 1406 1436 fortuna
1429 1383 1503 1437 non
1523 1361 1669 1459 ingenio
1687 1359 1753 1434 mi·

389 1538 459 1592 nor
483 1514 711 1590 bilbilitanus
738 1508 916 1587 Martialis
947 1514 1196 1614 epigrammata
1233 1515 1297 1592 illo
1328 1520 1454 1613 sapore
1479 1516 1636 1595 feliciter
1663 1536 1752 1593 con·

390 1671 486 1761 diit,
529 1668 690 1764 fecitque
722 1682 766 1741 ut
793 1666 882 1741 haec
903 1668 1047 1745 iuncum
1080 1672 1182 1748 uelut
1214 1675 1367 1770 propria
1399 1676 1477 1749 laus
1511 1673 1624 1749 fieret
1676 1671 1749 1748 Sed
1816 1741 1819 1745 ,

389 1828 481 1903 hanc
505 1826 654 1923 gloriam
681 1823 751 1919 jam
776 1842 1016 1923 occupaverat
1041 1827 1222 1919 Graecia,
1265 1850 1357 1926 quac
1389 1828 1585 1905 declamare
1618 1832 1750 1927 pariter

390 2008 468 2062 cum
493 1982 629 2059 Latinis
646 1999 830 2076 coeperat.
880 1982 1088 2060 vetustiora
1112 2006 1203 2085 quae
1229 1986 1312 2061 sunt
1338 1987 1560 2063 Gmecurum
1579 1988 1750 2087 epigram·

387 2158 478 2218 mata
497 2139 688 2236 perspicuo
714 2139 831 2216 nicom
857 2137 893 2213 se
916 2139 1026 2236 tnagis
1045 2139 1084 2215 eh
1106 2140 1190 2217 uiua
1208 2141 1399 2216 affesiuum
1414 2142 1635 2238 expressione
1654 2164 1751 2218 corn-

388 2298 567 2374 mendant.
620 2294 826 2372 Affesiuum
852 2292 1071 2385 ualidiliinri,
1096 2315 1193 2370 amor
1222 2296 1260 2370 dc
1283 2297 1417 2375 ludius.
1441 2297 1528 2375 ldeo
1548 2299 1748 2399 percellen-
1853 2266 1855 2274 J

385 2455 457 2530 dos
479 2452 524 2527 ad
547 2452 683 2527 animos
707 2449 762 2524 vis
784 2450 937 2544 plurima
960 2451 998 2525 in
1024 2449 1304 2544 sepulchralibus
1331 2453 1369 2527 dc
1393 2453 1584 2537 amatoriis,
1663 2530 1666 2541 x

438 2613 516 2710 Janr
541 2630 630 2685 uero
652 2621 693 2681 ut
714 2605 752 2681 in
777 2627 906 2697 omne,
937 2626 1013 2704 quo
1037 2607 1310 2699 contenderint,
1343 2609 1430 2686 mim
1453 2610 1505 2686 est
1531 2611 1677 2687 Graecis
1694 2612 1749 2689 in·

384 2769 501 2869 geniis
527 2763 703 2853 felicitas,
727 2766 946 2839 accesserunt
960 2761 1183 2857 hyperbolae
1214 2760 1389 2854 audaces,
1420 2764 1666 2843 transsationes
1685 2786 1750 2842 cu·

387 2921 512 3013 niolae,
539 2917 695 3009 isucola,
720 2915 963 3009 antilloecha,
986 2920 1275 3012 paronomassae‚
1297 2915 1559 3012 apostrophae,
1584 2920 1681 3008 lusus
1700 2941 1748 2996 ex

385 3080 579 3176 ambiguo,
612 3076 653 3150 bc
676 3074 720 3150 ab
746 3071 1025 3168 inexspesiatu,
1061 3075 1099 3153 bc
1125 3096 1231 3151 omne
1253 3073 1344 3148 illud
1369 3092 1389 3148 a
1412 3072 1556 3148 dicendi
1579 3074 1750 3172 magistrIs

385 3235 456 3308 late
481 3233 667 3307 trastatum
682 3230 887 3305 deliciarum
913 3251 1041 3328 genus.
1092 3230 1189 3308 Illud
1215 3232 1316 3329 supra
1333 3248 1470 3308 caetera
1488 3231 1622 3324 miror,
1647 3228 1748 3329 quod

388 3412 445 3466 res
471 3390 627 3481 artium,
658 3406 749 3486 quae
773 3388 894 3463 soluto
922 3407 1071 3484 quoque
1104 3389 1269 3466 hamone
1292 3389 1433 3466 urunt
1457 3389 1521 3467 vix
1545 3389 1581 3463 se
1605 3370 1749 3481 patiun-
1803 3406 1804 3409 ‘

384 3563 469 3637 tur,
502 3545 568 3619 sub
595 3542 757 3618 uersuum
781 3543 886 3638 leges·
905 3543 954 3616 ita
977 3561 1099 3637 aperte
1132 3545 1315 3640 libereque
1346 3544 1504 3620 veniant.
1556 3536 1747 3634 Nusquam
1778 3514 1780 3525 ¹

380 3720 494 3797 acque
515 3696 686 3772 observes
710 3696 908 3770 ubertatem
932 3693 1029 3767 illam
1056 3693 1187 3771 Graeci
1220 3693 1425 3785 sermonis,
1465 3691 1525 3765 cui
1550 3692 1668 3767 Latini
1692 3707 1748 3767 to·

334 3950 337 3953 Ι
381 3857 451 3931 ties
475 3852 661 3942 invident,
687 3850 753 3942 dc,
778 3848 878 3947 quod
905 3847 1078 3925 Horatius
1093 3850 1208 3942 dixit,
1241 3850 1353 3925 datram
1376 3850 1447 3925 illis
1466 3869 1523 3923 ure
1545 3847 1680 3925 rutundo
1699 3851 1746 3925 lu·

283 4031 289 4039 ·
381 4012 461 4104 qui,
484 4026 547 4108 aut
570 4005 670 4107 quod
693 4005 892 4101 Martialis,
912 4003 998 4079 nihil
1019 4005 1091 4080 illis
1112 4021 1276 4102 negatam
1402 4046 1405 4049 e

429 4164 623 4238 Felicitatis
648 4161 787 4237 nostrae
814 4161 888 4251 est,
919 4160 1020 4259 quod
1045 4184 1119 4249 non
1145 4147 1323 4239 unus'hic
1345 4161 1481 4239 alterve
1505 4161 1748 4260 Epigramma·

384 4332 461 4392 tum
484 4317 659 4411 scriptor,
692 4315 753 4389 sed
775 4316 978 4407 innumeri,
1015 4317 1151 4417 &ipsa
1174 4337 1315 4417 quoque
1340 4318 1533 4408 varietate,
1558 4334 1597 4395 ut
1623 4320 1744 4397 distin·

362 4450 442 4547 ’ἂι
466 4473 614 4547 floribus
639 4487 761 4566 prata,
787 4470 1006 4567 spestabiles.

435 4625 553 4720 Nam,
576 4635 617 4704 ut
639 4627 816 4705 rancidam
841 4627 1000 4706 omittam
1033 4629 1243 4710 uetustatem
1267 4630 1306 4709 ἀ
1339 4630 1455 4711 ultimi
1478 4631 1649 4732 temporis
1671 4631 1748 4709 fae·

1057 4786 1105 4829 ec
1283 4826 1287 4831 .
1660 4810 1744 4881 ces,
