4809 6034
641 574 1277 666 a>1aa1tn³1t1mus
1564 604 1638 680 au
1784 635 1793 654 ,

372 809 466 883 Mox
491 801 555 879 ubi
576 799 697 898 iaiiari
722 801 882 890 ventolb⁴
894 821 962 896 per
986 822 1143 900 aequora
1168 806 1264 882 vitae
1336 881 1339 888 ,

370 933 509 1024 Defiit,
533 929 577 1004 ad
600 929 744 1025 superae
763 925 919 1000 sedes&
940 926 1051 1005 lidera
1078 930 1202 1008 fertur.

798 1200 849 1277 V.
875 1197 930 1274 De
956 1199 1107 1279 Marino.

374 1484 458 1558 Hoc
481 1495 628 1574 quoque
652 1494 727 1548 non
754 1472 935 1548 minimum
960 1475 1011 1550 est
1036 1496 1203 1572 operum,
1228 1477 1372 1574 divine,
1396 1496 1548 1582 tuorum,

376 1605 529 1696 Procle,
553 1599 652 1696 quod
675 1598 828 1696 effigiem
846 1602 1092 1698 moderantum
1106 1604 1236 1679 cunila
1250 1606 1414 1686 Deorum
1543 1701 1548 1710 ‚

375 1730 601 1825 spirantem,
625 1724 830 1821 miserisque
856 1724 992 1799 bonum
1012 1730 1222 1807 mortalibus
1247 1733 1375 1834 ingene
1417 1741 1423 1754 ‘

376 1854 532 1952 Liquisti
556 1851 658 1926 nobis
681 1850 835 1924 moriens
859 1851 1010 1927 haerede
1039 1854 1213 1949 Marin03

377 1980 453 2080 Qui
477 1978 545 2054 Dis
566 1994 665 2075 grata
687 1993 766 2050 tuae
783 1975 985 2056 describens
1005 1999 1166 2076 tempora
1187 1984 1307 2078 vitae,

377 2107 522 2201 Optima
541 2104 712 2179 virtutum
735 2102 854 2196 posuit
872 2123 1104 2206 monumenta
1128 2108 1276 2188 suturis.

738 2370 1199 2469 Vllncanum

849 2597 890 2671 de
914 2595 1069 2678 Platone.
1155 2698 1161 2710 .

379 2869 605 2966 Cecropidos
630 2885 743 2947 terrae
766 2891 843 2949 vox
866 2866 1176 2971 praestantiilima,
1200 2829 1325 2986 majus,
1468 2911 1470 2914 ’

426 2997 493 3071 Nil
517 2997 617 3104 dedit·
639 2999 784 3097 eloquio
812 2991 963 3074 Graecia
986 3011 1064 3072 tota
1089 3011 1180 3073 tuoe

378 3123 498 3198 Ausus
524 3143 675 3221 namque
699 3127 824 3203 oculos
847 3126 884 3202 in
910 3125 1052 3202 coelum
1080 3123 1177 3200 ferte
1196 3122 1412 3225 Deumque,

430 3250 579 3324 Alluces
606 3249 737 3323 nostris
762 3252 921 3327 moribus
947 3250 1031 3324 inde
1051 3248 1191 3340 facem3

380 3372 549 3472 Cumque
573 3372 764 3467 supercilio
781 3373 901 3468 Samio
928 3373 976 3453 de
996 3373 1144 3448 Socrate
1161 3372 1278 3450 nestun

425 3498 579 3599 Jungis,
603 3516 696 3591 opus
720 3494 831 3584 sandi
853 3497 974 3574 nobile
999 3494 1138 3582 diffidii,
1242 3505 1293 3580 Q
1403 3503 1407 3510 ’

616 3766 703 3844 Vll.
728 3766 920 3846 Sententiae
934 3760 1064 3862 septem
1088 3766 1291 3865 Sapientem.
1353 3853 1357 3860 ,
1424 3841 1427 3848 ,
1508 3853 1512 3860 ,
1554 3713 1560 3720 ¹

376 4043 519 4133 Patria,
543 4062 639 4133 vox,
661 4059 792 4117 nomen
818 4040 956 4137 liptem
970 4041 1184 4137 sapientibus
1208 4042 1297 4117 haee
1320 4043 1417 4121 sunt.

350 4239 361 4257 ,
382 4167 527 4262 Optima
551 4187 608 4242 tes
631 4165 759 4242 modus
783 4167 859 4254 est,
887 4165 1086 4244 Cleobulus
1111 4170 1265 4246 Lindius
1285 4169 1419 4265 inquit.

380 4293 499 4389 Ipsum
522 4308 559 4366 te
583 4291 705 4381 noris,
729 4290 779 4363 ait
801 4309 853 4364 ex
873 4271 1137 4368 Lacedaemone
1164 4293 1313 4368 Chilon.

380 4418 471 4494 leam
497 4418 624 4507 vince,
648 4430 770 4492 monet
793 4415 983 4492 Periander
1005 4421 1051 4497 ab
1075 4419 1164 4494 urbe
1193 4415 1403 4496 Corintho„

382 4543 452 4619 Nil
474 4543 641 4632 nimium,
665 4540 750 4650 dicit
773 4539 840 4615 tibi
863 4542 1022 4619 Pittacus
1044 4563 1090 4620 ex
1138 4544 1333 4637 Mitylene.
1471 4540 1483 4566 ‘

382 4665 604 4764 Cecropides
628 4666 784 4762 fpediare
811 4668 924 4753 Solon
944 4669 1046 4764 jubet
1063 4669 1186 4744 ultima
1211 4645 1341 4748 vitae(

380 4789 507 4869 Plures
532 4794 601 4867 ene
624 4790 708 4866 Riae
728 4799 884 4888 pmvoe',
908 4793 1002 4869 satus
1024 4795 1086 4872 ilie
1109 4795 1255 4871 Priene.
1419 4835 1422 4841 ·

380 4915 504 4995 Mileti
528 4916 632 5016 llitpa
656 4918 749 4992 clam
771 4917 935 5012 Thalem
951 4907 1156 4995 vadimonia
1175 4920 1268 5000 vite,
1320 4991 1324 5004 ,
1373 4997 1376 5006 ,
1426 4997 1430 5006 ,
1486 4933 1489 4938 ‘
1587 5025 1591 5034 ἱ

398 5083 402 5090 ·
879 5061 885 5068 “
970 5043 1089 5145 Vv3
