4809 6034
665 567 917 649 LIBER
965 570 1298 652 PRIMUS.

404 788 509 865 Freia
531 790 615 867 ratis
638 792 773 868 rursum
797 794 927 887 jubeor
951 810 1086 870 certare
1111 800 1303 892 procellis:

451 919 487 992 Ο
510 936 673 994 metuens
696 918 881 993 hominurn
907 922 1006 996 nulla
1029 923 1164 1017 pericla
1187 924 1320 1023 genusi

736 1209 1228 1289 vualpernrr

389 1499 546 1573 Flamina
570 1520 670 1596 quae«
686 1501 793 1596 pinus
819 1517 1006 1577 ventorum
1030 1504 1126 1577 ferre
1151 1504 1321 1598 nequivi,

442 1626 521 1701 Cur
544 1626 644 1701 faber
669 1645 880 1720 aequoream
904 1650 960 1702 me
984 1629 1072 1703 facis
1098 1631 1166 1703 effe
1192 1628 1333 1701 ratem?
1459 1647 1463 1655 ·

391 1755 518 1827 Omnia
543 1775 616 1827 non
642 1753 769 1826 metuis
794 1754 812 1825 i
845 1771 939 1828 terra
964 1755 1109 1827 vexavit
1133 1755 1169 1826 in
1196 1754 1271 1847 ipsa

434 1881 500 1953 Me
529 1880 690 1954 Boreas:
726 1868 850 1953 mediis
875 1901 966 1975 quae
991 1880 1078 1976 fuga
1102 1879 1209 1954 restat
1234 1881 1366 1978 aquis?

590 2171 663 2246 IX.
703 2170 1342 2259 Amrrrrrr1‚ssrzrrrrrr.

383 2458 564 2555 Aequoris
588 2459 743 2535 immensi
768 2461 900 2557 longos
923 2458 1064 2533 emensa
1086 2475 1219 2534 meatus
1344 2528 1347 2536 .
1434 2495 1440 2505 ·

429 2587 505 2659 Vix
530 2584 672 2658 modico
696 2587 798 2685 tetigi
823 2604 983 2676 ternpore
1010 2584 1110 2657 navis
1136 2585 1294 2658 humum.

290 2740 299 2759 r
383 2714 435 2789 At
458 2710 542 2783 mihi
566 2731 643 2784 non
668 2711 795 2784 nocuit
819 2711 949 2785 ratibus
973 2711 1082 2782 timor
1104 2711 1198 2785 unda
1214 2762 1243 2807 ,ι
1261 2709 1320 2784 sed
1344 2708 1438 2806 ignis

318 2868 323 2871 ·
433 2839 475 2913 In
500 2854 622 2927 terra,
655 2836 736 2931 quis
761 2834 877 2908 adhuc
901 2855 1054 2929 aequora
1079 2816 1180 2907 saeva
1205 2837 1343 2933 vocet?

381 2966 465 3066 Quo
484 2964 566 3041 sum,
578 2977 659 3037 nata
674 2963 780 3052 loco,
802 2958 903 3055 perii.
929 2978 1010 3053 pars
1026 2958 1150 3034 littore
1167 2959 1301 3036 restans

430 3092 656 3189 Aequoream
682 3089 785 3163 terris
809 3086 1004 3182 exprobrat
1025 3106 1109 3162 ecce
1133 3086 1253 3165 fidem.
1314 3100 1328 3127 ·

745 3381 794 3454 X.
831 3378 855 3451 S
883 3399 909 3452 a
935 3401 958 3453 c
986 3401 1014 3453 rr
1041 3401 1070 3451 re
1098 3401 1126 3452 ι)
1152 3403 1181 3456 1.

375 3673 479 3770 Quae
504 3667 609 3743 toties
633 3665 761 3763 puppis
789 3667 891 3742 cursu
916 3666 1022 3742 felice
1047 3664 1193 3756 natavi,

334 3830 337 3837 λ
424 3795 493 3869 Per
517 3793 620 3866 maris
645 3792 827 3866 immensas
851 3791 1027 3866 velificata
1051 3793 1149 3882 vias3

374 3924 490 4018 Quam
510 3939 624 4013 neque
643 3916 763 3990 Corus
780 3916 881 4012 aquis
900 3919 1041 4009 mersrt,
1066 3919 1187 3994 necin
1206 3915 1349 3993 horrida
1366 3916 1446 3993 saxa

419 4044 564 4138 Impulit
587 4043 727 4117 hiberni
752 4043 853 4114 saeva
877 4045 1035 4136 procella
1062 4045 1181 4136 Noti3

369 4171 428 4246 De
445 4171 569 4242 tellure
586 4189 743 4264 queror,
768 4170 913 4241 flammis
936 4170 997 4243 ubi
1017 4170 1189 4267 naufraga
1208 4172 1283 4247 fio:

415 4296 486 4371 Hei
502 4293 606 4368 mihii
631 4292 728 4389 quod
745 4291 885 4365 nostrae
904 4309 974 4367 tam
992 4295 1121 4387 procul
1141 4293 1223 4369 estis
1240 4315 1365 4393 aquae.

577 4551 651 4625 XI.
689 4550 981 4648 Lrorrrnaa,
1016 4542 1336 4629 Taaarrr'rrar.

362 4810 492 4884 Mensa
516 4807 578 4881 diu
603 4807 747 4904 pelagus
770 4832 882 4905 pereo
905 4810 984 4884 face
1010 4809 1145 4900 navis,
1173 4811 1211 4885 in
1234 4810 1319 4900 ilia,

414 4936 516 5034 Quae
539 4934 625 5009 mihi
648 4935 826 5011 materiam
853 4936 955 5012 tonsa
978 4935 1146 5030 creavit,
1176 4935 1298 5013 humo.

562 5072 564 5075 ’
945 5059 1007 5136 Ff
1023 5082 1049 5166 3
