4809 6034
675 520 1341 659 sruss‘rurrrusss
1590 587 1680 657 sn

625 802 684 881 II.
711 802 942 885 Turorus
973 804 1378 881 Ausxmuurur.

422 1076 494 1179 Qui
525 1074 675 1171 clypeus
704 1070 813 1150 toties
839 1071 957 1168 repuli
980 1090 1072 1170 quae
1095 1072 1236 1148 miserat
1259 1070 1370 1149 hostis
1397 1090 1401 1097 ·

470 1202 638 1298 Spicula,
663 1199 747 1273 dum
770 1197 902 1293 Illerris
924 1198 1024 1274 sueva
1049 1198 1210 1295 procella
1231 1196 1343 1290 furit,

418 1329 522 1405 Tunc
548 1342 724 1424 quoque,
746 1344 829 1405 cum
847 1338 1014 1416 peterent
1035 1325 1218 1400 dominum
1242 1324 1319 1400 feru
1337 1316 1473 1421 proella
1491 1326 1595 1422 posti

311 1458 314 1465 '
469 1450 520 1527 Et
545 1451 678 1525 circum
702 1449 822 1529 clades
846 1451 987 1523 nauuca
1007 1451 1121 1525 multa
1143 1449 1267 1540 foret,
1416 1486 1420 1493 ·

416 1578 532 1654 Manli
556 1577 628 1653 fida
655 1593 798 1669 comes,
820 1574 980 1670 vexique
1000 1595 1066 1668 per
1086 1591 1270 1668 aequora,
1293 1572 1411 1649 donec

466 1698 528 1778 Ad
551 1684 673 1779 faciles
696 1716 826 1797 portus
849 1698 956 1775 dulce
980 1699 1123 1775 veniret
1145 1716 1254 1773 onus.

579 2004 597 2039 ·.
691 1968 782 2046 111.
812 1970 964 2068 Juurr
996 1932 1283 2046 Lseuruas.

410 2235 584 2328 Myrtilus
608 2259 653 2313 en
675 2238 809 2332 duplici
826 2236 1026 2314 discrimine
1055 2237 1179 2312 solvor
1201 2237 1246 2310 ab
1270 2250 1370 2329 uno,

457 2359 507 2433 Et
531 2361 646 2436 vilior
670 2362 824 2455 clypeo,
850 2360 965 2437 viltor
989 2362 1086 2437 etin
1111 2362 1257 2454 clypeo.
1415 2428 1420 2439 ,
1566 2392 1570 2402 ·

408 2480 504 2587 Cunr
524 2484 625 2561 ferus
649 2487 781 2561 netur
802 2488 951 2583 puppim
975 2501 1114 2577 notus,
1140 2482 1203 2560 ille
1228 2480 1377 2557 salutem

296 2606 315 2617 ’
388 2642 393 2651 ·
455 2608 613 2702 Attulit,
636 2628 830 2706 aequoreus
847 2611 1016 2708 sanguise
1041 2610 1178 2685 sixtus
1200 2624 1326 2703 aquas.

703 2879 779 2957 IV.
813 2883 968 2981 Jusu
1006 2879 1260 2955 Drocsrs.

318 3152 323 3162 '
406 3146 463 3223 Te
487 3149 614 3226 dubito
640 3152 855 3247 clypeumne
881 3170 1034 3244 vocem,
1057 3170 1133 3249 quo
1160 3146 1264 3248 ssepe
1286 3144 1434 3245 iuvante
1487 3220 1493 3231 .

400 3284 407 3295 ’
449 3275 607 3351 Hostiles
621 3278 667 3352 >in
691 3299 750 3351 me
772 3279 824 3353 nil
849 3279 1002 3356 valuere
1020 3280 1159 3371 minae,

402 3399 462 3473 An
486 3400 614 3493 scapha
635 3399 785 3474 dicenda
810 3422 868 3493 es,
905 3388 1021 3478 saea'
1039 3405 1105 3499 qui
1128 3422 1220 3477 nave
1244 3416 1421 3478 natantem

445 3520 623 3613 Servasti,
647 3537 764 3596 tutum
785 3522 885 3623 littus
909 3522 955 3596 ad
982 3542 1096 3620 usque
1122 3527 1256 3601 ferens.

396 3644 515 3721 Unius
536 3646 670 3722 auxilio
694 3647 804 3741 potui
824 3645 936 3721 vitare
950 3645 1118 3739 furores,
1278 3742 1281 3755 q

447 3770 490 3847 In
514 3772 611 3848 bello
636 3772 789 3866 Martis,
815 3770 961 3848 Nereos
979 3771 1017 3846 in
1034 3772 1175 3870 pelago.

684 4041 1275 4119 V.Aurrrnaurs

397 4273 590 4368 Abreptam
614 4274 742 4370 pelago
765 4254 877 4347 strela
900 4272 949 4349 de
969 4290 1064 4349 trave
1093 4276 1247 4347 carinam

440 4397 481 4473 In
503 4398 628 4471 mediis
653 4397 782 4496 pastur-
796 4397 893 4507 forte
916 4398 1059 4473 videbat
1081 4400 1197 4497 aquis.
1263 4488 1266 4495 ‚
1288 4446 1319 4495 ·.

395 4523 551 4617 Arripitr
577 4523 744 4619 arripitur
767 4516 898 4617 rapidis
923 4523 1080 4599 servator
1104 4526 1149 4602 ab
1166 4520 1293 4600 undis:

444 4647 570 4744 Usque
593 4650 683 4724 adeo
706 4642 899 4725 inclemens
925 4628 1094 4727 ommlrus
1113 4650 1174 4726 rlla
1197 4646 1280 4733 fuit

391 4772 577 4872 Naufragr
598 4774 772 4870 pellerem
794 4790 892 4848 mors
913 4774 1063 4852 sustulit.
1076 4772 1112 4848 ὀ
1135 4776 1212 4849 fera
1236 4772 1336 4853 aas&
1566 4790 1572 4800 ’

438 4897 540 4995 Quae
562 4916 695 4997 portus
714 4912 850 4975 essuos
867 4912 910 4974 et
927 4916 1052 4974 semu
1074 4914 1146 4974 uss
1169 4900 1268 4976 facis
1470 4894 1473 4900 ’
1518 4904 1521 4913 ’

943 5023 1061 5101 Dds
1430 5028 1506 5105 VI.
1532 5028 1638 5105 Pur·
