4809 6034
679 565 1312 661 LIBERPRIMUS.

753 899 1230 1027 XV.EJur“uam.

402 1242 600 1327 consenuit
624 1248 724 1326 navis
748 1247 894 1330 domino
911 1259 1119 1357 avitaeque
1144 1260 1313 1361 necisque

450 1378 548 1451 Haec
572 1375 800 1454 Hieroclidae
823 1385 947 1459 mrufit
970 1385 1106 1482 ubique
1130 1404 1262 1460 comes.
1354 1483 1356 1487 ,

400 1503 500 1577 Haec
522 1502 691 1597 piscantis
716 1520 790 1577 erat
815 1506 966 1589 consors
987 1512 1078 1584 bene
1102 1509 1198 1602 fida,
1222 1533 1291 1587 nec
1315 1515 1417 1592 alnus

444 1631 652 1726 Aequoreas
676 1627 786 1703 secuit
810 1627 936 1723 justior
960 1632 1033 1707 ulla
1055 1632 1143 1708 vies.

398 1756 498 1832 Haec
524 1755 688 1830 alimenta
713 1754 792 1830 viro
816 1750 940 1844 dedit,
964 1755 1051 1830 haec
1075 1757 1112 1832 in
1136 1756 1264 1859 funere
1287 1759 1378 1857 iusta

447 1882 569 1974 Fecit,
597 1880 634 1956 dc
659 1877 703 1954 ad
729 1880 859 1960 Manes
883 1881 1107 1959 consociavit
1131 1862 1210 1959 iter.

462 2322 470 2328 .
582 2265 707 2342 XVI.
743 2267 1076 2359 Auratam,
1112 2269 1339 2346 Sanouar.
1379 2316 1386 2326 ·

393 2617 459 2692 lile
483 2616 543 2691 diu
568 2618 727 2714 Pyrrhus
754 2636 873 2694 remex
898 2619 1005 2711 suus,
1027 2618 1178 2717 impiger
1200 2623 1295 2720 algas
1401 2640 1404 2643 ·

442 2743 493 2817 Et
517 2744 650 2821 calamo
674 2763 815 2821 maenas
841 2743 1010 2860 quaerere
1035 2742 1214 2840 setigero,
1387 2852 1389 2856 .

392 2868 475 2945 Heu
498 2871 629 2965 procul
652 2890 673 2941 a
696 2870 799 2943 terris
822 2869 930 2965 periit
956 2867 1061 2964 Jovis
1084 2864 1169 2965 igne
1192 2868 1365 2966 trisulco,

273 3012 280 3023 ·
442 2993 514 3070 sed
538 3006 653 3069 tamen
677 2991 723 3066 ad
743 2993 845 3069 littus
868 2993 997 3090 sponte
1024 2993 1142 3070 carina
1165 2995 1272 3077 redit.
1345 2984 1389 3041 ⁸·

395 3118 445 3194 Et
465 3121 628 3217 loquitur
651 3119 754 3194 fumo
780 3119 896 3195 tristes
916 3117 953 3193 dc
978 3119 1111 3196 sulfure
1136 3121 1261 3198 casusr
1567 3220 1572 3229 .

441 3244 525 3322 Hoc
549 3245 654 3323 satis:
681 3248 810 3346 Argoo
834 3268 910 3327 non
936 3261 1018 3345 eget
1040 3246 1103 3325 illa
1128 3249 1232 3326 sono.
1387 3258 1394 3267 “
1444 3316 1447 3323 .

447 3622 594 3700 XVII.
631 3620 902 3715 Pu1u1aa1,
938 3620 1500 3713 Tuussaaourcausrs.

441 3976 637 4074 Compada
662 3980 763 4057 navis
788 3998 835 4055 ex
858 3981 981 4059 labore
1007 3978 1205 4077 Cypridis,

396 4142 403 4151 -
432 4102 497 4178 Ad
519 4104 589 4178 alta
610 4107 717 4181 maria
741 4107 889 4207 patriam
927 4105 1013 4182 veni
1036 4105 1151 4185 Deae.
1251 4109 1262 4119 “

439 4228 505 4303 Me
529 4230 665 4326 quippe
698 4230 786 4303 fecit
813 4231 944 4304 arbiter
974 4229 1184 4306 libidinum:
1286 4246 1290 4253 “
1344 4274 1349 4287 ·

439 4352 615 4452 Dixitque
638 4353 780 4427 amicam
804 4352 907 4448 iure,
931 4370 1010 4425 nam
1035 4352 1124 4427 nulli
1149 4375 1269 4453 nego,

439 4479 548 4554 Haud
569 4498 694 4576 magna
715 4484 851 4553 merces
872 4479 1059 4573 posciturc
1086 4480 1148 4577 qui
1172 4481 1252 4574 vis,
1275 4483 1350 4576 ini,

441 4603 532 4679 Satis
556 4624 667 4700 capax
694 4605 779 4680 sum.
803 4605 910 4679 facile
936 4602 1122 4679 vediorem'
1142 4604 1236 4682 fero.
1360 4612 1361 4615 ‘
1501 4614 1505 4621 ’

443 4727 516 4805 Vel
539 4730 577 4809 in
601 4730 860 4831 profund0‚u
896 4731 1006 4823 velis,
1033 4730 1150 4828 agita,
1174 4734 1272 4812 licet.
1370 4740 1373 4745 ’
