4809 6034
657 566 687 633 x
913 535 1718 625 'fluuoulsultourr

658 764 744 840 res,
767 761 787 818 a
810 740 970 823 Platonis
994 760 1088 819 aeuo
1132 736 1180 815 ed
1204 737 1420 840 Agathiam,
1443 737 1582 836 quique
1606 735 1667 811 alii
1686 735 1891 851 'Justiniani
1912 739 2028 837 impe·

660 903 715 981 rio
740 902 889 997 virere,
910 899 1007 976 mille
1031 896 1224 973 admodum
1244 895 1324 971 sunt
1348 892 1444 969 anni.
2028 884 2033 897 '

712 1057 837 1137 Tanto
863 1055 1035 1155 temporis
1059 1054 1175 1151 spatio
1198 1074 1266 1151 per
1288 1052 1487 1144 colonias,
1520 1050 1562 1128 dr
1584 1072 1660 1129 non
1683 1073 1758 1130 una
1780 1071 1825 1129 ex
1850 1050 1945 1129 causa
1967 1066 2032 1149 pe·

664 1214 947 1317 regrinationes3
971 1210 1092 1308 sparso
1117 1229 1183 1308 per
1209 1231 1351 1287 omnem
1374 1224 1546 1285 terrarum
1564 1210 1687 1284 orbem
1711 1208 1858 1284 Graeco·
1872 1211 2038 1303 nomine,

662 1394 770 1454 nemo
790 1370 863 1448 suit
888 1366 1040 1467 ingenio
1060 1365 1184 1443 valens
1211 1364 1380 1442 studiisue
1406 1364 1558 1459 clarus,
1590 1364 1652 1464 qni
1680 1386 1759 1441 non
1790 1365 1829 1443 in
1861 1368 2036 1465 epigram·

662 1530 765 1605 matis
793 1526 904 1601 semet
927 1522 1165 1619 experiretur.

713 1684 794 1786 Jam
817 1701 907 1760 vero
931 1677 1007 1776 ipsu
1029 1675 1241 1772 scriptorum
1266 1676 1410 1753 nomina
1441 1695 1531 1775 quae
1555 1673 1595 1752 s<
1629 1676 1794 1775 quantas
1844 1677 1888 1753 si
1915 1679 2034 1754 fortu-

665 1864 746 1925 nam
769 1837 990 1940 spedrmus,
1021 1832 1145 1933 Reges
1170 1830 1213 1910 dr
1236 1832 1502 1930 Imperatores,
1523 1831 1713 1930 Philippus
1734 1834 1915 1927 Macedo,
1943 1834 2036 1910 Cau

666 2001 720 2077 sar
747 1995 1008 2084 Germanicus,
1033 1989 1215 2068 Adrianus
1236 1992 1456 2087 Imperator,
1482 1989 1738 2090 ejulasius,
1762 1972 1944 2086 Magnus,
1969 1989 2037 2065 nis

665 2152 947 2256 mugnitudinem
973 2150 1071 2227 suan
1104 2146 1365 2225 Christianismi
1399 2145 1601 2223 desertione
1626 2146 1869 2222 destnurilsetr
1919 2145 2035 2222 Dein·

667 2308 713 2385 de
745 2304 922 2384 unefeui
956 2305 1144 2381 Praetorio
1177 2321 1237 2381 aut
1280 2305 1394 2397 urbi,
1438 2300 1579 2380 Romae
1614 2302 1746 2378 ueteris
1781 2319 1843 2379 aut
1883 2326 2038 2399 novae,
2170 2316 2182 2346 ¹

670 2460 871 2553 Consules,
896 2456 1097 2551 Praesides,
1121 2454 1351 2557 Magrumns
1374 2456 1535 2552 plurimi.

716 2617 790 2696 Sed
812 2616 940 2712 iustior
963 2618 1010 2694 ab
1029 2615 1137 2693 animi
1161 2614 1249 2692 dote
1271 2610 1425 2706 census,
1450 2633 1523 2711 qua
1546 2613 1770 2708 praecellunt
1796 2614 1865 2711 ipsr
1898 2617 2036 2714 sapien.

668 2774 739 2854 tiae
771 2771 934 2865 lumina,
971 2770 1113 2864 Plato,
1157 2767 1404 2863 Aristoteles,
1447 2768 1602 2861 Crates,
1635 2770 1855 2848 'themistius
1890 2772 1930 2848 dr
1962 2776 2039 2852 alii.

672 2929 818 3009 caeteri
840 2948 989 3020 omnes,
1013 2926 1062 3002 ita
1086 2923 1234 3003 solertes
1254 2976 1272 3018 ,
1303 2924 1353 3001 irr
1387 2924 1546 3019 eruditi,
1576 2941 1620 3002 ut
1643 2926 1861 3003 eruditissimi
1888 2928 2039 3007 Iatino-

669 3107 750 3165 ruur
774 3084 860 3163 uus.
878 3082 915 3160 se
937 3081 1059 3161 luudis
1086 3082 1303 3159 crediderint
1326 3081 1483 3181 assequi,
1517 3085 1543 3160 fi
1566 3043 1842 3161 eorum⁸srnsus
1873 3102 1936 3160 ant
1958 3086 2038 3162 imi·

669 3245 738 3322 ruri
758 3259 821 3319 rut
854 3240 961 3319 etism
984 3239 1022 3319 in
1045 3240 1258 3319 Romanum·
1278 3241 1476 3317 sermonem
1508 3240 1704 3316 mausserre
1738 3260 1815 3315 uon
1847 3241 2040 3343 infeliciter

670 3402 837 3500 pollent,
864 3396 1021 3490 Cicero,
1046 3394 1256 3494 Virgilius,
1282 3354 1466 3491 Ovidius,
1491 3394 1624 3472 Caesar
1649 3397 1915 3494 Germanicus,
1937 3399 2037 3476 Mar.

672 3556 790 3648 alis,
813 3550 1126 3647 &languescente
1147 3549 1220 3646 jan
1246 3551 1374 3627 latina
1395 3554 1496 3649 poili
1527 3553 1728 3631 Ausonius.

722 3705 873 3783 Utilius
897 3727 918 3779 e
940 3703 1098 3782 ludione
1121 3702 1320 3779 communis
1341 3702 1432 3778 mee
1464 3674 1665 3800 omnibus,
1704 3708 1806 3808 quod
1832 3710 1872 3787 dr
1895 3713 2044 3814 linguae

678 3863 838 3943 Graecus
868 3857 1048 3958 elegantia
1078 3855 1163 3933 inde
1191 3855 1391 3954 hauritur,
1427 3859 1468 3935 de
1498 3861 1641 3938 acuitur
1674 3864 1888 3965 ingenium,
1931 3872 1973 3948 dr
1992 3874 2039 3949 nd

676 4036 804 4101 ornate
826 4012 1019 4092 dicendum
1035 4028 1284 4109 praeparatur.
1328 4014 1550 4112 specialiora
1564 4036 1604 4094 ut
1619 4026 1786 4120 rangassm,
1809 4028 1909 4101 nulla
1926 4030 2042 4109 scien.

676 4182 731 4258 ris
754 4174 821 4267 est,
845 4172 945 4248 nullu
959 4190 1041 4263 ers,
1061 4169 1163 4264 cujus
1187 4168 1334 4249 dudiofi
1358 4194 1433 4249 non
1456 4172 1542 4252 hinc
1567 4192 1630 4252 rut
1651 4176 1780 4255 instrui
1802 4178 1955 4277 posint,
1979 4204 2043 4264 rur

682 4332 864 4417 osteum
913 4331 1019 4431 Quos
1041 4324 1088 4400 ad
1115 4326 1151 4402 su
1182 4326 1314 4404 extulit
1336 4349 1452 4406 rerum
1475 4330 1678 4409 divionum
1707 4334 1928 4432 sublimius,
1966 4343 2039 4418 stre

682 4487 977 4589 ‹onmmplaonni
999 4486 1085 4563 licet
1108 4504 1256 4577 vacare,
1279 4484 1326 4560 de
1349 4485 1435 4563 Deo
1459 4487 1544 4582 hic,
1574 4488 1693 4589 deque
1716 4489 1794 4586 eius
1824 4512 1947 4569 nature
1977 4498 2041 4572 tri·

682 4652 808 4733 &rium
828 4643 1105 4737 confidemus,
1137 4662 1180 4718 rc
1203 4641 1414 4722 nominatim
1445 4638 1493 4716 de
1523 4658 1669 4723 teum
1700 4643 1779 4742 eius
1812 4650 1950 4730 rumne
1980 4653 2048 4750 pie

1992 4808 2047 4885 sn
