4809 6034
706 587 1336 673 trraarnnuus.
1540 619 1542 622 ·
1621 559 1757 693 30,

443 813 524 910 Ipse
539 812 593 886 tui
609 809 734 888 verior
759 814 849 889 vada
871 835 937 910 per
958 815 1156 913 longinqua
1181 814 1327 890 maritus
1369 829 1374 838 '

436 939 479 1013 ln
506 938 660 1013 Siculam
680 937 839 1013 madidos
864 940 1075 1013 Arethusam
1100 942 1209 1040 ntittis
1233 963 1390 1018 amores:

438 1061 610 1140 Cursibus
635 1087 680 1140 ex
705 1065 812 1140 tantis
835 1049 1072 1160 pulcherrima
1103 1068 1192 1143 Nais
1220 1067 1386 1143 anhelum

344 1177 348 1183 ⁵
440 1188 609 1284 Excipit,
638 1190 810 1289 &pelagi
833 1212 940 1286 grave
972 1195 1109 1267 olentes
1137 1194 1250 1270 abluit
1277 1195 1417 1292 algas,

439 1280 620 1411 Gratatlue
648 1315 784 1390 defesso
814 1317 886 1391 fert
905 1318 1048 1409 oscula,
1071 1319 1239 1419 lentaque
1262 1320 1414 1415 jungens

439 1441 610 1532 Brachia,
635 1442 840 1537 complexus
864 1443 974 1517 sociat
998 1465 1076 1520 cum
1105 1443 1260 1541 conjuge
1286 1444 1441 1538 conjux,

434 1568 600 1642 Molliter
623 1581 663 1643 ut
685 1569 823 1665 gremio
842 1570 1039 1667 requiescat
1061 1569 1252 1674 Olympius
1275 1572 1408 1645 amnis:

433 1693 505 1768 Hei
527 1692 612 1765 milti
631 1694 767 1765 crudeli
786 1693 883 1789 quod
908 1715 1006 1769 nunc
1032 1696 1081 1768 ita
1105 1696 1276 1794 sanguine
1301 1717 1444 1788 manas,

435 1817 544 1891 Unde
571 1816 746 1909 syraconi
766 1842 838 1894 non
856 1821 925 1915 ianr
957 1820 1022 1897 tibi
1042 1840 1126 1894 cura
1150 1822 1300 1913 cubilis,

435 1944 507 2019 Sed
529 1944 619 2018 vada
643 1966 826 2038 purpureo
851 1948 1017 2041 perfusus
1042 1945 1169 2020 maesta
1192 1947 1332 2041 pudore

433 2068 485 2142 Et
510 2085 655 2164 portum
678 2070 825 2176 faedare
851 2073 953 2147 times
980 2074 1017 2147 δι
1043 2074 1148 2147 strata
1171 2073 1327 2146 maritae.

433 2195 548 2287 Saepe
577 2209 693 2267 tamen
719 2195 837 2268 rursus
861 2198 1033 2291 flagrante
1056 2197 1226 2289 cupidine
1256 2197 1374 2286 villus

429 2321 574 2414 Pergis,
602 2317 639 2389 δι
664 2317 838 2391 humentis
863 2318 1025 2393 dominae
1055 2340 1172 2422 prnpe
1200 2320 1326 2395 vectus
1351 2321 1396 2395 ad
1420 2320 1534 2396 aulam

433 2446 513 2520 Stas
542 2444 682 2532 subito,
706 2465 833 2537 purum
860 2444 1042 2538 trepidans
1069 2444 1238 2520 accedere
1265 2448 1426 2523 fontem:

434 2578 486 2647 At
510 2587 545 2644 te
567 2569 716 2663 pulchra
740 2569 876 2643 ‘videns
894 2569 938 2643 ad
954 2570 1037 2674 duri
1064 2571 1143 2644 saxa
1169 2572 1290 2675 Pelori

437 2694 643 2798 Undantem
668 2694 856 2786 lacrymis,
884 2711 1001 2771 tantos
1026 2683 1186 2771 miserata
1210 2697 1380 2790 dolores,
1402 2791 1408 2802 ,

431 2821 561 2897 Pelius
588 2816 625 2892 &
651 2817 725 2909 ipsa
749 2818 819 2891 suis
845 2819 1019 2920 plangens
1047 2822 1227 2900 Arethusa
1249 2823 1393 2900 lacertis

313 2977 317 2980 ⁴
430 2946 623 3044 Liquirur‚
648 2957 690 3016 ut
713 2942 831 3017 vernis
856 2945 893 3019 in
918 2946 1067 3021 floribus
1091 2947 1206 3021 a‘e'rius
1229 2969 1310 3022 ros:
1339 2925 1342 2932 ’

429 3073 570 3147 Maeret
596 3065 633 3143 δι
660 3068 751 3142 Eleo
779 3090 858 3144 cunr
879 3072 1027 3148 flumine
1054 3073 1179 3150 Sicelis
1203 3074 1312 3152 unda.

372 3181 374 3184 ’
432 3197 522 3272 Non
546 3197 651 3271 latuit
676 3195 835 3289 Superos
860 3212 976 3273 tantae
996 3200 1061 3278 tibi
1086 3202 1237 3276 Graecia
1257 3201 1391 3298 cladis¹

431 3323 595 3413 Auctor,
621 3317 659 3394 δι
684 3322 846 3415 innuptis
872 3325 936 3398 leti
960 3348 1108 3422 quoque
1133 3321 1237 3399 causa
1261 3328 1412 3422 puellis,

432 3446 546 3542 Cujus
571 3466 670 3542 rapta
694 3465 798 3519 manu
822 3447 884 3520 fibi
907 3450 1060 3547 pignora
1084 3452 1232 3545 plutima
1255 3451 1358 3546 luget

433 3573 585 3666 Herois,
610 3565 809 3668 partusque
837 3567 957 3680 'gemit'
976 3573 1115 3669 periisse
1138 3576 1315 3652 laborum.

694 4059 1347 4180 IV.Dtuscorttuts.¹
1467 4137 1479 4160 ,

430 4562 547 4633 Amne
571 4570 713 4630 tumens
741 4551 850 4628 nimio
878 4553 971 4649 ripas
997 4552 1060 4638 ubi
1083 4552 1271 4652 fregerat,
1297 4551 1410 4628 &res

479 4685 530 4759 Et
548 4683 667 4755 villam
690 4679 809 4773 rapuit
834 4679 946 4755 Nilus
969 4678 1208 4777 Aristagorae.
1339 4775 1343 4784 p

432 4812 484 4885 At
507 4807 623 4883 senior
646 4805 811 4880 dominus
829 4806 981 4901 proprio
1001 4806 1106 4900 super
1133 4806 1208 4899 ipse
1238 4804 1379 4881 natabat
1437 4819 1440 4838 ’

484 4930 652 5028 Cespite,
675 4929 847 5028 naufragii
872 4931 1170 5027 parsmil'eranda
1193 4930 1260 5007 sui.
1283 4991 1292 5000 t.
1312 4983 1330 5024 ·,

465 5055 503 5092 ·’
1044 5055 1115 5155 Qa
1638 5059 1695 5134 Ut
