4809 6034
647 538 1287 646 urrrararmuu

645 858 1302 979 maturusne

765 1276 776 1330 1
864 1246 931 1332 De
959 1243 1082 1355 Lustc.

638 1613 894 1704 Aonrnrr,
929 1609 1317 1707 Scuountrrcr,

668 1958 681 1985 ·
716 1947 754 2017 in
770 1943 898 2020 Ludunt
916 1943 1060 2022 Zenonis
1072 1991 1089 2038 ,
1113 1942 1234 2042 Regis.

402 2278 485 2353 Nor
508 2279 568 2352 alii
591 2281 694 2375 plebs
719 2303 829 2377 parva
856 2283 1002 2375 sumus3
1021 2302 1115 2373 nec,
1141 2283 1168 2355 fi
1192 2279 1281 2377 quid
1305 2300 1447 2379 agamus

416 2420 425 2427 ·
450 2405 646 2502 Egregium
669 2409 852 2503 quamvis,
877 2410 973 2483 fama
996 2407 1151 2483 celebrat
1177 2424 1280 2481 anus.

403 2531 456 2605 At
478 2550 669 2624 procerum
693 2536 719 2609 sr
743 2535 821 2631 quis
844 2531 958 2608 sufflet
976 2531 1110 2622 modo,
1135 2527 1264 2605 doetus
1288 2545 1330 2604 ut
1355 2529 1445 2605 Afer

451 2655 629 2747 Dixerat,
655 2657 727 2731 hoc
751 2657 909 2733 scribunt
933 2678 980 2731 ex
1000 2655 1183 2739 adamante
1204 2668 1326 2731 notae.

403 2779 569 2878 Namque
591 2781 688 2856 orbis
717 2781 898 2858 dominum
926 2781 1076 2855 Zenona
1099 2780 1268 2875 urbisque
1296 2790 1501 2872 parentem,

454 2904 553 2979 Dum
577 2904 709 3000 pieton
732 2906 889 2981 numeris
914 2904 1061 3009 dextera
1085 2903 1212 3013 traebat
1235 2903 1349 2995 ebur,

406 3031 548 3107 Teiiera
573 3051 680 3127 quam
703 3031 800 3107 varie
822 3033 949 3108 mirum
973 3030 1135 3128 jaetarit,
1158 3032 1204 3108 ab
1226 3030 1310 3108 albo

453 3153 516 3230 Ad
538 3170 665 3230 metam
691 3156 830 3233 tabulae
855 3159 919 3259 qui
943 3159 1104 3256 capiebat
1117 3158 1208 3249 iter,

409 3280 515 3355 Sexta
540 3281 665 3356 habuit
679 3282 846 3376 'septeme
872 3305 989 3367 nonae
1013 3285 1135 3376 canis,
1159 3299 1196 3358 at
1222 3281 1297 3358 duo
1324 3281 1476 3359 summae

455 3404 613 3495 Punite,
636 3427 705 3480 nec
727 3407 782 3492 bia
805 3423 867 3485 aut
891 3409 971 3502 pius
995 3410 1198 3483 autminus
1221 3408 1259 3483 in
1283 3407 1428 3481 decima.

409 3531 511 3629 Quae
530 3530 698 3639 summam
718 3530 877 3631 sequitur
893 3532 1064 3637 monstrat
1081 3530 1176 3607 duo:
1202 3532 1324 3606 rursus
1341 3546 1502 3639 atfunum

456 3635 617 3729 Praefert
640 3676 732 3752 quae
762 3655 852 3733 Divi
873 3656 967 3730 linea
989 3677 1120 3734 nomen
1145 3657 1266 3733 habet.
1304 3710 1308 3725 s

406 3783 458 3856 At
489 3783 590 3878 niger
616 3778 740 3854 otiava
768 3780 840 3854 duo
862 3781 924 3855 dat
946 3770 1092 3881 regione
1118 3780 1253 3858 videri:

460 3906 543 3980 Nec
567 3905 681 3980 vincit
704 3927 773 3981 nec
796 3907 840 3983 ab
863 3906 929 3980 hac
953 3906 1110 3983 vincitur
1134 3907 1345 3982 undecima·

408 4033 509 4129 Quae
534 4029 796 4122 bissextorum,
822 4031 951 4107 sortem
974 4031 1182 4106 monstravit
1203 4033 1373 4109 eandem:

461 4155 671 4230 Terdecima
696 4155 830 4230 nudum
856 4155 974 4232 rursus
1001 4157 1154 4231 habente
1179 4177 1314 4234 canem.

411 4279 578 4377 Contigit
610 4280 799 4376 Antigono
822 4279 977 4387 bijugem
1002 4281 1138 4377 gestare
1161 4283 1334 4376 figuram:

463 4404 720 4505 Quindecimae
743 4403 855 4478 fatum
878 4406 989 4501 jattus
1012 4404 1162 4480 habebat
1185 4405 1291 4478 idem.

412 4530 569 4605 Oiiavae
596 4531 637 4631 ba
658 4528 812 4603 decimae
836 4530 956 4605 timilis
980 4529 1208 4626 compertus:
1234 4532 1279 4606 ab
1302 4531 1370 4606 ima

461 4656 595 4753 Quarta
617 4655 694 4748 pari
717 4656 799 4730 casu
825 4654 920 4752 pitia
944 4654 1086 4733 duobus
1112 4672 1199 4737 erat.

414 4779 525 4864 Rex,
551 4781 610 4853 cui
633 4780 832 4875 contigerat
856 4780 994 4881 niveam
1020 4764 1164 4854 duriore
1190 4781 1398 4881 phalangem
1435 4766 1439 4771 ’

463 4904 562 5003 Quas
586 4903 731 4979 fortuna
756 4920 878 5000 paret,
903 4926 987 4982 nou·
1002 4903 1102 4979 videt
1126 4904 1292 4983 insidiose
1387 4960 1392 4973 .

1029 5027 1066 5101 li

1575 586 1654 666 m
1808 532 1812 541 ¹
