4809 6034
551 552 555 559 ·
609 527 860 607 LIBER
910 525 1383 618 SECUNDUS.

678 752 794 830 XLI.
834 752 1135 832 Possumus
1166 756 1337 836 Rmura.

427 977 596 1077 Pauperis
622 976 709 1049 haec
732 998 790 1052 res
814 990 891 1053 tota
915 973 1016 1050 fimul
1040 993 1232 1071 cumpace
1254 980 1397 1079 lagena,

476 1107 528 1181 Et
552 1123 642 1203 quae
666 1100 710 1175 de
734 1099 859 1197 tepido
882 1121 965 1176 rore
989 1121 1124 1181 corona
1147 1103 1281 1197 madet,

430 1208 576 1330 Quique
599 1242 767 1325 receptus
790 1241 867 1301 erat
889 1225 1041 1320 mentis,
1066 1230 1179 1304 tutela
1199 1231 1362 1323 cerebri,

479 1358 531 1429 At
555 1373 649 1429 nunc
666 1352 838 1429 exanimis
859 1352 990 1451 frigida
1015 1354 1102 1429 testa
1125 1357 1214 1434 viri:

425 1480 521 1557 Dum
543 1480 652 1571 licet,
676 1500 740 1572 es,
761 1494 872 1574 pota,
896 1476 994 1553 vinci
1016 1478 1083 1554 uisi
1105 1482 1195 1557 flore
1218 1483 1392 1579 capillosr

480 1605 575 1681 Nam
597 1607 687 1682 tales
710 1605 841 1681 erimus
866 1600 978 1694 dicit,
1001 1602 1141 1703 imago,
1164 1608 1281 1687 brevi.

497 1888 617 1966 XLII.
642 1861 1539 1975 Mscrmorr11'Tarmssuaourcrrrsrss

433 2111 666 2205 Computavit
689 2112 767 2186 heri
790 2116 878 2222 mihi
902 2115 1057 2201 femina,
1084 2137 1159 2190 non
1184 2118 1280 2191 bona
1299 2118 1344 2191 (ie
1362 2137 1434 2213 qua

479 2239 625 2313 Fabula.
648 2235 754 2330 proin
779 2239 907 2313 calices
931 2237 998 2314 hos
1021 2236 1107 2311 mihi
1126 2238 1271 2336 frange,
1295 2259 1396 2336 puer.

737 2527 1283 2606 xinrlmcrari

431 2751 510 2850 Jam
534 2746 616 2846 prist
639 2750 784 2849 triginta
811 2750 897 2825 mihi
921 2749 1093 2847 septimus
1116 2751 1398 2832 additurannus.

479 2876 613 2975 Pagina
632 2874 701 2971 jam
725 2876 820 2951 vitae
844 2876 1022 2952 dimidiata
1045 2898 1122 2953 mea
1143 2877 1207 2953 est.

434 3002 687 3101 Conspergens
711 3019 821 3100 caput
843 3004 919 3100 ipsa
942 3006 1044 3082 nives
1067 3007 1227 3081 imitante
1253 3005 1385 3104 capillo

479 3133 612 3218 Aetas,
635 3128 843 3223 Xantippe,
866 3149 923 3204 me
946 3146 1069 3207 mouet
1091 3145 1132 3205 ut
1155 3128 1298 3224 sapiam.
1379 3209 1385 3223 ,

432 3253 481 3330 Et
506 3269 622 3327 tamen
643 3272 727 3325 ecce
753 3252 855 3328 chori
878 3254 967 3329 mihi
989 3255 1072 3344 surra
1096 3254 1136 3327 eir
1160 3256 1298 3330 sarraca
1321 3247 1445 3351 cordi,

483 3380 629 3478 Semper
646 3374 683 3450 δι
706 3376 744 3450 in
769 3376 903 3472 cupido
927 3375 1075 3474 periore
1098 3380 1234 3454 flamma
1256 3403 1398 3461 recens.

780 3661 949 3742 XLIV·
990 3666 1245 3743 ΖΜΝ.

173 3872 178 3880 ’
292 3917 293 3921 ¹
435 3888 493 3963 Da
518 3885 604 3962 mihi
624 3881 743 3959 limosa
766 3885 930 3963 constant
953 3906 1046 3985 quae
1069 3887 1204 3983 pocula
1225 3901 1340 3966 terra:

485 4011 582 4087 Hinc
606 4034 677 4110 ego
701 4011 776 4087 sum
799 4015 952 4109 primum
974 4013 1165 4126 profatus,
1188 4014 1261 4091 hoc
1286 4013 1325 4090 ic
1347 4034 1425 4092 ero.

796 4279 935 4356 va.
978 4279 1116 4372 Em
1141 4301 1171 4355 u
1193 4298 1223 4355 r.

434 4504 569 4582 Lenaei
591 4500 720 4581 modus
744 4501 796 4578 est
816 4502 910 4580 inter
932 4504 1122 4603 nimiumqe
1145 4524 1344 4603 parumque

481 4630 662 4726 Optimus,
685 4630 769 4706 hinc
791 4651 934 4705 moeror
956 4649 1036 4705 nam
1057 4630 1181 4721 venit,
1206 4629 1291 4732 inde
1313 4629 1428 4706 saror.

431 4755 575 4851 Nempe
599 4756 711 4831 tribus
736 4756 918 4851 Nymphis
941 4772 1089 4854 quartus
1112 4758 1213 4852 cupit
1235 4759 1310 4855 ipse
1330 4754 1471 4855 jugari,

484 4883 593 4958 Tunc
616 4881 721 4956 etiam
746 4882 905 4964 thalamis
926 4885 1044 4982 aptior
1068 4883 1128 4957 ille
1152 4881 1265 4960 venit.

940 5063 944 5068 -
997 5009 1153 5106 Vvva

1497 547 1811 632 *625¹
