4809 6034
666 588 1299 681 trituramus.
1578 623 1662 707 ,ῃ

401 816 441 895 si
465 814 580 892 dulcis
604 814 758 891 citharae
782 815 921 900 sonitus
944 817 1013 902 tibi
1035 820 1187 902 mulceo
1217 841 1346 919 aures,
1503 886 1507 892 .

400 944 480 1020 Hac
505 944 616 1017 Erato
638 939 762 1017 laudes
792 961 813 1016 a
844 958 880 1019 te
904 946 997 1022 serat
1018 963 1093 1024 arte
1119 964 1272 1044 reperta.

396 1139 607 1214 Multifores
631 1138 785 1210 calamos
814 1135 975 1235 Euterpe
1003 1154 1149 1238 tangere
1168 1142 1326 1242 gaudet,

293 1277 300 1282 ·
398 1264 559 1354 Flatibus
590 1263 769 1357 Hyblaeas
794 1263 900 1338 variis
926 1264 1060 1339 imitata
1087 1267 1266 1345 volucres.

397 1454 564 1531 Carmine
591 1455 744 1529 sermoni
769 1453 900 1529 ludetur
926 1458 1097 1551 propiore
1123 1458 1253 1536 Thalia

394 1585 566 1658 tlemutor
593 1581 630 1656 in
649 1581 752 1658 scena
778 1599 895 1655 mores
915 1579 953 1658 δι
970 1581 1116 1658 crimina
1140 1583 1248 1661 vitae.

313 1745 315 1750 ι
391 1775 449 1849 Eo
475 1771 589 1847 efficta
613 1771 677 1849 tibi
702 1773 895 1868 sapientia,
934 1773 1144 1872 Calliopeae

439 1900 514 1974 Ora
537 1897 689 1991 videns,
711 1901 807 1975 illam
830 1915 949 1976 mente
973 1916 1075 1978 tuere
1097 1918 1168 1980 tua.

233 2119 236 2128 “
347 2123 356 2130 ·
384 2092 520 2167 Versor
548 2090 644 2185 apud
669 2092 827 2186 tripodas
847 2092 1055 2191 Phoebique
1083 2093 1288 2176 umbracula
1308 2093 1447 2189 laurtu,

431 2217 629 2292 Fatidicum
656 2216 740 2290 Clio
763 2238 895 2338 outuen
921 2218 960 2290 he
984 2217 1203 2295 historicum.

383 2409 542 2500 Uranie,
559 2393 715 2482 ‘numero
744 2387 890 2482 coelesti
916 2422 1077 2503 tempora
1103 2403 1267 2506 fignans,

219 2563 229 2582 ²
382 2536 570 2612 Astrorum
594 2533 720 2608 docuit
744 2517 846 2608 certa
863 2535 927 2608 sub
952 2537 1032 2630 lege
1057 2535 1235 2611 recursus.
1398 2506 1405 2520 ’

383 2727 442 2803 En
467 2727 556 2817 tibi,
581 2713 814 2826 grandiloqua
839 2719 1002 2822 complet
1021 2745 1113 2824 quoe
1135 2724 1276 2822 pulpita
1298 2745 1415 2838 voce,

426 2852 706 2947 Melpomeoen,
731 2852 829 2927 dotti
854 2851 1016 2976 carminis
1041 2853 1231 2958 artificem.¹
1263 2973 1267 2984 Δ

378 3045 473 3123 Cuiu
499 3061 652 3139 taceam,
679 3045 844 3143 loquitur
870 3046 975 3120 variis
993 3065 1120 3122 manus
1146 3055 1236 3170 apta
1255 3046 1402 3146 figuris,
1513 3001 1518 3012 ι

372 3175 423 3252 Et
445 3194 523 3250 mea
544 3172 627 3250 sunt
649 3173 734 3270 agili
748 3171 906 3248 facunda
928 3172 1064 3251 mentia
1084 3188 1178 3250 nutu
1212 3165 1216 3178 ’
1441 3183 1442 3186 ‘

587 3430 1315 3516 numentanorum.

370 3670 579 3751 Callimachi
601 3692 740 3746 carmen
764 3685 858 3745 teret
880 3667 1030 3778 aspicis:
1055 3668 1174 3742 omnia
1197 3666 1336 3765 quippe

288 3878 293 3883 ,
420 3800 495 3898 Qui
523 3796 615 3870 sacra
642 3796 825 3870 Musarum
851 3808 1056 3869 commovet
1079 3792 1151 3866 hoe
1175 3771 1299 3889 opere.

367 3926 431 4003 Est
457 3921 607 3998 Hecales
631 3919 733 3994 isthic
756 3919 834 3993 casa
857 3940 988 4016 parva,
1015 3918 1077 3994 sed
1100 3918 1241 4015 hospita
1269 3917 1424 4014 Thesei,

415 4048 576 4125 Theseos
601 4044 639 4118 &
661 4043 791 4122 sudeus
815 4044 853 4122 in
877 4044 1094 4120 Marathone
1112 4045 1226 4121 labor.
1371 4093 1375 4104 -

346 4177 437 4278 ‚Par
457 4172 586 4246 habeas
605 4163 695 4264 opto
723 4173 860 4258 robur,
883 4163 1082 4258 Marcelle,
1104 4169 1297 4263 iuventae,

413 4296 537 4376 Laude
559 4314 628 4372 nec
654 4291 843 4389 omnigena
860 4292 911 4382 ‚fit
934 4289 1001 4364 tihi
1026 4290 1100 4402 vita
1121 4288 1250 4365 minor.

496 4561 641 4640 XXV.
681 4563 979 4637 Arouuotttr
1016 4558 1389 4636 Garrtutorrcr.

359 4781 621 4891 chorebus,
645 4797 792 4890 sortes,
816 4818 875 4880 rea
891 4794 1054 4889 tuum,
1076 4796 1195 4892 ugia
1216 4745 1315 4874 meos
1333 4792 1410 4887 est,

402 4932 482 5005 Aut
505 4926 595 5004 aliur
621 4927 778 5008 scribent
795 4922 907 5008 hetia
934 4920 1154 5000 Callimachi.

901 5048 990 5123 Mm
1011 5068 1038 5123 2
1350 5045 1512 5126 XXVI.
1537 5048 1610 5126 Iu·
