4809 6034
589 557 843 642 LIBER
894 554 1363 644 SECUNDUS.

771 852 1251 931 vunnnrnnu

421 1138 530 1214 Forte
547 1146 698 1213 vocatus
714 1131 793 1209 heri
808 1134 985 1227 conviva,
1008 1133 1148 1230 soporis
1166 1134 1205 1210 in
1222 1134 1335 1230 hora,

466 1264 621 1342 Incubui
640 1263 747 1337 strato
769 1263 952 1359 Gorgonis
970 1276 1034 1335 aut
1052 1259 1218 1335 Niobes:

418 1392 557 1466 Texuit
573 1390 643 1463 hoc
658 1408 787 1462 nemo:
812 1386 873 1462 sed
890 1387 982 1461 serra
1002 1387 1061 1461 vel
1074 1386 1179 1481 'aspra
1197 1385 1330 1462 securis

464 1518 523 1592 Ex
545 1516 634 1588 dura
650 1515 761 1589 secuit
779 1493 892 1610 rupe,
912 1513 1113 1609 Procloque
1132 1511 1224 1586 tulit.

415 1645 466 1720 Et
485 1642 703 1720 surrexiliem
720 1639 785 1716 nili
803 1641 855 1716 sat
871 1640 970 1732 cito,
992 1639 1148 1730 Procle,
1171 1657 1312 1734 paratas
1425 1649 1427 1658 '

461 1771 534 1846 Pro
552 1769 660 1844 strato
678 1766 824 1864 cippum
843 1784 883 1844 tu
898 1765 1006 1857 mihi,
1032 1767 1091 1842 vel
1109 1765 1299 1840 tumulum.
1351 1746 1353 1749 ⁴
1387 1791 1391 1802 ⁴

588 1943 594 2010 Ι
683 2027 1275 2105 VH.snnnnon1u

409 2287 543 2362 Pocula
562 2289 636 2361 non
654 2287 816 2380 semper,
843 2301 962 2379 neque
980 2298 1047 2356 nos
1067 2291 1209 2355 aeterna
1228 2255 1419 2377 sequentur

461 2403 624 2487 Gaudio:
652 2431 749 2488 nunc
767 2407 918 2506 gaude,
932 2425 1031 2482 nunc
1049 2406 1154 2498 bibe,
1183 2405 1428 2482 Democrateu

410 2539 508 2637 Quin
526 2538 634 2632 capiti
652 2540 758 2613 flores
777 2535 899 2609 damus
919 2533 959 2607 &
976 2555 1042 2609 nos
1060 2532 1271 2630 unguimus,
1297 2548 1379 2608 ante
1464 2555 1466 2560 ’

462 2667 578 2764 Quam
596 2664 709 2756 facilc
717 2664 861 2744 tumulis
879 2661 950 2735 hoc
968 2660 1082 2738 aliena
1097 2679 1235 2735 munus.
1327 2659 1331 2664 ’

408 2788 494 2863 Olla
512 2811 646 2864 merum
663 2806 947 2890 potentmecum
961 2806 1067 2860 meu:
1094 2785 1155 2859 sed
1172 2785 1274 2866 fimul
1294 2802 1336 2872 ac
1355 2782 1422 2860 fint
1523 2813 1527 2820 ’

453 2917 627 3005 Mortua,
651 2915 867 3028 perfundat,
892 2935 968 2996 non
987 2928 1096 3003 veto,
1121 2910 1338 2988 Deucalion.
1399 2979 1402 2986 ,

468 3175 598 3253 VIII.
631 3178 937 3252 Aurrunrur
970 3176 1511 3254 Turssnuonrcrusrs.

401 3430 479 3529 Qui
494 3433 619 3522 canitis
635 3411 787 3526 topper,
812 3433 875 3527 qui
892 3411 1035 3522 betete,
1062 3411 1196 3527 quique
1218 3427 1378 3519 ceruleo,

454 3559 562 3633 Vates
582 3557 745 3650 impliciti
765 3558 944 3647 sentibus,
970 3558 1019 3638 ite
1042 3558 1181 3653 procui.

400 3681 450 3756 Et
469 3703 617 3778 quorum
640 3685 739 3756 tenui
761 3683 888 3757 sudans
906 3684 944 3758 in
962 3685 1117 3759 carmine
1134 3702 1220 3757 cura
1276 3759 1282 3769 ,

450 3807 509 3880 Ex
530 3807 633 3882 sacris
652 3808 739 3881 solas
757 3809 920 3885 fontibus
936 3805 1055 3884 biturit
1073 3831 1196 3906 aquas.

398 3933 466 4008 Ista
486 3933 561 4008 dies
579 3933 697 4030 agitur
715 3935 844 4011 Flacco
864 3955 1065 4034 magnoque
1084 3936 1254 4012 Maronir

451 4060 539 4136 Non
558 4080 647 4139 amat
664 4062 724 4136 hic
741 4079 857 4138 crater
874 4063 977 4161 queis
997 4065 1095 4139 levat
1114 4065 1212 4140 unda
1229 4062 1330 4138 litim.

750 4309 1207 4415 lib-²EJusuuun.

397 4575 434 4652 O
456 4576 611 4654 Helicon
630 4578 793 4670 Boeote,
820 4578 891 4651 tuis
910 4598 932 4651 e
950 4577 1114 4654 fontibus
1135 4575 1222 4649 olim

448 4702 606 4777 Heliodo
625 4704 731 4778 fluxit
748 4704 902 4780 carmine
922 4702 1022 4781 dives
1042 4723 1152 4799 aqua:

397 4829 449 4902 At
468 4849 567 4902 nunc
587 4828 670 4903 vine
686 4827 752 4903 tibi
770 4830 993 4927 cognominis
1011 4830 1099 4904 Itala
1117 4826 1222 4905 uobis

446 4953 506 5028 De
526 4972 616 5030 vena
633 4954 754 5031 fundit
768 4956 936 5034 liberiore
954 4975 1057 5058 puer.

946 5079 1025 5156 Sus

1607 583 1686 662 505
