4809 6034
702 563 950 649 LIBER
999 566 1330 649 PRIMUS.

440 789 588 869 Rustico
611 805 737 889 magna
760 793 827 870 ribi
848 796 890 872 iit
914 794 1047 894 gratim
1070 794 1158 870 folia
1183 796 1313 888 filvre3

490 917 690 995 Hortorum
713 918 863 1016 posthac
884 922 1003 1000 incola
1025 919 1128 998 dives
1148 943 1224 997 ero.
1261 973 1265 983 ·
1341 1003 1347 1022 ,

759 1210 1284 1291 1H.Lrom1nnm

437 1478 498 1556 Ne
523 1475 815 1571 tenerrimum,
841 1479 939 1578 quod
963 1501 1161 1579 praegnans
1180 1479 1341 1578 undique
1362 1479 1478 1575 pomis

483 1603 596 1679 Porto
615 1620 730 1683 tamen
762 1606 900 1702 semper
926 1628 1001 1683 non
1024 1609 1117 1684 bene
1143 1624 1248 1682 cocta
1275 1607 1376 1705 pira,

439 1731 606 1840 maturos
629 1733 689 1807 alii
711 1732 875 1809 furantur
907 1734 952 1809 ab
980 1737 1107 1812 arbore
1131 1733 1278 1809 foetus:

484 1856 596 1932 Matri
619 1854 725 1933 cmda
747 1858 834 1933 mihi
860 1858 936 1932 sols
967 1856 1088 1934 relidi
1116 1873 1275 1940 manent.

698 2109 1260 2226 '1V.Pn1n11›1›1.

438 2422 496 2498 Sic
519 2419 581 2496 ubi
603 2415 696 2492 ruris
721 2432 841 2489 amans
866 2418 931 2495 tibi
960 2420 996 2498 se
1015 2418 1247 2496 Democritus
1271 2420 1401 2509 offert,

485 2549 585 2622 Haec
611 2542 666 2616 illi
692 2562 760 2636 pro
790 2561 846 2612 me
872 2547 1024 2637 paucula
1047 2548 1156 2617 verba
1186 2540 1294 2631 refer.
1346 2639 1351 2650 .

432 2645 536 2750 Pam·
552 2669 616 2744 dio
632 2667 747 2760 soles,
772 2665 934 2743 adtumni
960 2690 1108 2746 munere
1133 2669 1222 2748 ficus

480 2795 642 2872 Candida
668 2795 804 2872 nativas
828 2793 892 2869 has
923 2793 989 2871 tibi
1009 2793 1114 2872 servo
1131 2795 1255 2893 dapes.

432 2919 504 2996 Sed
525 2941 700 3018 propera:
753 2923 873 3016 (patet
899 2916 1034 2994 insidiis
1061 2922 1163 2997 locus
1179 2917 1380 3021 undique,)
1406 2919 1505 3000 dvis

480 3048 631 3125 Arboris
655 3044 807 3125 intaoae
832 3064 976 3144 carpere
991 3045 1125 3160 primus
1152 3069 1254 3147 opes.

766 3313 1432 3419 v.Lson1nns..''

429 3606 569 3703 Sponte
587 3621 665 3672 mea
690 3604 790 3674 soleo
808 3605 914 3687 dare.
939 3626 1021 3680 cum
1046 3607 1236 3691 maturuit,
1261 3617 1389 3696 uvam,

477 3725 577 3830 Quid
600 3724 757 3808 miseram
791 3721 881 3798 saxis
905 3723 1006 3799 turba
1034 3737 1206 3819 proterva
1229 3727 1346 3822 petis?

428 3825 595 3933 Ul'torem
620 3852 805 3927 Bromium
835 3849 949 3927 nescis
977 3850 1014 3925 dc
1039 3850 1112 3926 fata
1137 3851 1323 3952 Lycurgi?

474 3979 669 4059 Contemni
693 3977 848 4080 graviter
870 3976 943 4054 fert
961 3974 1135 4055 furdona
1161 3975 1276 4057 Deus.

630 4273 708 4350 VI.
749 4273 1379 4365 Annrsn1n1,13rznnrn.

424 4546 591 4627 Sublimis
620 4564 775 4646 quercus
800 4541 1000 4639 pendentes
1024 4545 1104 4622 aire
1129 4543 1238 4636 rani,

476 4677 576 4778 Quae
601 4674 694 4771 tegis
716 4692 737 4748 a
765 4672 1082 4766 similioribus,
1107 4675 1254 4765 umbra,
1277 4669 1397 4746 viros:

423 4802 511 4877 Fida
527 4800 637 4897 magis
663 4797 764 4874 tediis
789 4796 927 4874 homini
949 4799 1104 4892 domus,
1129 4812 1212 4895 apta
1236 4796 1390 4891 cicadis,

475 4926 653 5026 Celsaque
677 4919 922 5003 condecorans
937 4924 1081 5002 brachis
1105 4922 1245 5004 frondis
1268 4924 1411 5020 honos,

1648 567 1695 646 dr
