4809 6034
520 593 527 610 ·
663 568 914 656 irrue
963 569 1293 652 rurmuu
1579 593 1660 677 mr

698 757 1255 875 VlSrunrourn

394 1058 458 1137 Est
482 1074 572 1153 puer
595 1051 756 1149 inprimis
777 1055 925 1149 pulcher
950 1052 1097 1128 Dmcot
1123 1050 1185 1126 sed
1209 1050 1319 1130 draco
1341 1070 1421 1130 cum
1443 1052 1509 1147 iit,

444 1189 612 1283 Anguem
636 1199 702 1256 cur
724 1179 833 1256 ulium
858 1180 1006 1275 suscipit
1028 1178 1089 1252 illa
1114 1196 1212 1254 curo.

630 1509 1317 1614 r1uunusux'x111.

814 1727 881 1812 De
908 1723 1125 1812 Amnibus.

718 1996 750 2071 1.
781 1979 1216 2072 numnam

390 2249 515 2327 Invide
540 2250 628 2350 quid
652 2263 757 2324 mnto
783 2248 1011 2342 provolvens
1036 2246 1177 2344 agmine
1202 2260 1370 2340 torrens,

439 2379 491 2453 Et
513 2397 581 2451 nus
604 2376 747 2469 inceptu
772 2391 848 2446 nun
873 2371 955 2445 finis
980 2371 1033 2443 ire
1056 2371 1143 2446 viu?
1181 2421 1186 2430 ·

389 2502 521 2579 Ebrius
544 2521 588 2576 an
615 2501 739 2596 pluvie
763 2513 911 2593 turgeu,
935 2516 1052 2593 neque
1079 2494 1230 2572 candida
1255 2497 1375 2593 Nm,

442 2595 604 2702 8οῐᾶὶᾶῖ
617 2625 678 2699 sed
701 2624 813 2699 nubes
835 2622 899 2698 hm
923 2622 989 2699 tibi
1014 2623 1105 2700 fecit
1128 2626 1269 2722 equas?

389 2754 467 2854 Jam
492 2753 557 2828 tibi
582 2752 635 2828 sul
658 2749 786 2826 ardeus
808 2747 933 2826 aderit.
983 2752 1076 2826 bene
1099 2748 1236 2845 iudicat
1257 2749 1344 2843 ille,
1516 2839 1520 2848 ‚

440 2879 529 2979 Quis
552 2881 596 2954 fit
617 2877 843 2974 suppofitus,
874 2874 955 2972 quis
977 2874 1049 2950 fine
1072 2873 1201 2952 fraude
1224 2874 1361 2972 liquor.

735 3132 1205 3212 Ilssrnmonrn

385 3391 542 3482 Urnnm,
569 3409 660 3488 quae
682 3405 853 3465 'veterum
879 3390 1019 3466 cineres
1037 3390 1194 3486 gestabat
1212 3407 1384 3481 avorum,
1451 3377 1456 3386 ‘

340 3569 344 3578 .
436 3515 761 3618 Viderat‘hiberno
787 3515 935 3588 flumine
963 3533 1048 3589 nure
1067 3535 1172 3609 puer.

387 3640 569 3715 Audacem
591 3640 681 3715 iecit
700 3639 775 3734 ipse
798 3637 928 3731 dolor,
953 3657 1028 3736 quo
1053 3656 1173 3714 mutui
1197 3639 1236 3716 in
1261 3637 1377 3716 unius

429 3765 583 3858 Desilit,
608 3766 647 3840 <lt
663 3765 796 3842 tristem
811 3764 884 3838 fert
913 3764 1056 3859 pietatis
1082 3784 1202 3860 opem.

385 3892 585 3988 Relliquius
610 3879 764 3967 servavit
791 3891 899 3968 enim.
928 3889 999 3967 sed
1026 3891 1173 3972 flumine
1189 3908 1316 3989 rapum
1377 3947 1382 3987 r

434 4017 495 4092 De
520 4018 557 4093 fe
572 4016 753 4115 relliquias
782 4016 855 4112 ipse
886 4016 1034 4113 reliquit
1049 4021 1164 4113 aquis.

657 4231 1197 4354 'numme
1310 4251 1313 4256 ’

391 4529 483 4607 Care
508 4527 595 4627 Jovi
627 4526 739 4603 sueres
763 4524 828 4625 qui
851 4523 950 4617 fers,
975 4524 1142 4621 Alphee,
1168 4546 1346 4620 curuum,

385 4656 560 4751 Rurnque
583 4672 648 4747 per
669 4652 768 4727 Pisae
791 4655 907 4729 multo
931 4675 1010 4730 cum
1029 4654 1181 4750 pulvere
1205 4652 1351 4726 curris:

384 4782 484 4856 Lene
506 4780 623 4852 fluens
646 4776 787 4870 primo,
809 4779 893 4872 sed,
919 4801 1000 4856 cum
1023 4802 1139 4878 prope
1162 4780 1286 4855 littura
1309 4795 1457 4861 ventum
1478 4784 1556 4880 est,

384 4907 466 5006 Jum
486 4904 580 4980 celer
601 4903 760 4979 immensi
779 4906 931 4984 miserm
955 4906 1158 5005 repurgium
1180 4905 1321 5001 nudae,
