4809 6034
670 578 1304 668 LIBERPRIMUS.
1589 596 1669 673 trs

771 917 846 996 IX.
893 916 986 993 Mo
1011 938 1030 995 s
1057 938 1082 993 c
1108 936 1135 992 u
1162 936 1202 1007 1,

832 1284 952 1383 Cupido
966 1284 1151 1384 fugitivus.

408 1651 579 1738 Amissum
598 1678 719 1757 nuper
745 1662 899 1739 clamans
922 1660 1051 1738 Venus
1076 1656 1181 1737 anxia
1203 1671 1348 1750 natum,

407 1786 565 1885 Ecquis,
588 1779 665 1879 ast,
690 1788 805 1864 triviis
828 1790 1006 1885 palantem
1031 1788 1122 1863 vidit
1146 1785 1349 1862 Amorem?

407 1909 475 1985 Ille
500 1934 582 1988 erro
606 1935 706 1990 meus
738 1914 802 1992 est.
844 1915 1002 1989 Pretium
1027 1911 1159 2011 grande
1188 1911 1329 1987 auferet
1346 1908 1483 1999 index,

408 2035 586 2114 Baliolum
611 2040 776 2119 Veneris.
831 2041 902 2118 Sed
928 2040 1021 2116 enim
1045 2061 1120 2116 non
1145 2040 1237 2117 balla
1260 2051 1396 2114 tantum

408 2162 473 2236 llle
497 2164 614 2259 feret,
637 2188 790 2263 puerum
814 2169 1031 2266 quicumque
1057 2167 1274 2259 adduxerit,
1298 2164 1442 2259 hospes.
1473 2227 1476 2233 Α
1633 2185 1640 2198 ·

403 2287 546 2386 Viginti
565 2291 604 2376 iu
626 2294 890 2387 pucris'facilir
912 2279 1013 2387 ¹puer
1032 2293 1094 2366 ille
1123 2307 1261 2367 notatu.
1447 2281 1453 2296 ’
1523 2283 1527 2290 ’

404 2415 536 2513 Igneus
550 2417 597 2492 ’in
623 2419 725 2493 vultu
751 2421 853 2492 color
879 2415 953 2507 est,
979 2438 1056 2491 non
1080 2415 1275 2492 candidus:
1302 2414 1386 2511 igne
1493 2433 1495 2438 ’

407 2539 560 2616 Lumina
582 2543 666 2617 bina
688 2544 841 2619 micant:
867 2565 967 2617 meus
991 2542 1178 2638 improba,
1202 2539 1332 2618 blanda
1357 2537 1524 2634 loquela:

405 2666 496 2773 Non
521 2666 618 2765 quod
641 2670 770 2759 sentit,
794 2668 887 2743 idem
914 2670 1015 2746 fatur
1032 2689 1203 2768 quoque:
1230 2666 1357 2739 mellea
1374 2684 1450 2740 vox
1473 2660 1547 2754 est,

260 2871 268 2884 ,
409 2791 462 2867 At
488 2813 551 2867 cor
575 2794 808 2889 inplacidum,
833 2797 978 2894 quoties
1005 2797 1122 2888 furit,
1145 2789 1367 2883 insidiatur,-

406 2917 611 3014 Numquam
635 2941 720 2994 vera
746 2923 923 3019 loquens,
955 2945 1090 3019 pravus
1115 2943 1231 3016 puer,
1257 2920 1380 3014 aspera
1402 2913 1506 2992 ludit.
1571 2969 1575 2976 -

403 3046 568 3141 Crispula
591 3046 779 3125 caesaries:
826 3051 924 3126 nulla
947 3052 999 3126 cst
1025 3050 1226 3126 reverentia
1249 3047 1386 3122 frontit

402 3174 569 3271 Utraque
593 3175 695 3249 saeva
721 3196 871 3269 manus,
892 3178 953 3252 sed
972 3179 1082 3276 longe
1118 3176 1224 3250 docta
1249 3173 1359 3248 ferire

401 3299 497 3394 lpus
521 3322 636 3397 usque
657 3304 757 3378 fores
784 3303 873 3379 Orci
899 3319 1006 3401 atque
1031 3304 1228 3380 Acherusia
1254 3318 1376 3398 regna.

405 3424 572 3519 Corpore
597 3428 711 3502 nudus
736 3432 832 3525 agiu,
856 3452 956 3507 mens
981 3432 1118 3528 quaerit
1142 3429 1236 3503 teda
1261 3427 1434 3512 latebras,

402 3551 517 3625 Alitis
542 3549 614 3623 huc
645 3551 729 3624 illuc
752 3553 859 3626 instar
886 3555 1006 3642 volat,
1035 3555 1142 3649 inque
1165 3554 1306 3646 puellae

401 3676 515 3772 Inque
542 3675 639 3750 uiros
667 3676 808 3768 fertum
831 3675 930 3752 sedet
951 3679 1044 3754 intra
1074 3674 1209 3751 viscera
1226 3672 1382 3748 tandem.

404 3801 523 3874 Arcus
548 3819 681 3894 parvus
708 3801 830 3895 adest,
856 3801 892 3877 de
919 3802 958 3878 in
982 3821 1067 3878 arcu
1092 3799 1214 3875 miffile
1241 3799 1377 3887 telum,

405 3923 489 3999 Hoc
502 3927 649 4021 quoque
668 3950 742 4002 non
763 3949 952 4027 magnum:
978 3929 1152 4006 summum
1168 3927 1230 4001 sed
1246 3927 1285 4000 in
1303 3923 1446 3998 aethera
1462 3918 1590 3997 fertur.

403 4051 575 4125 Auratam
600 4049 706 4126 dorso
734 4054 934 4149 pharetram
966 4056 1079 4152 gerit:
1103 4057 1201 4129 intus
1218 4050 1345 4125 acerba

402 4176 548 4270 Spicula
574 4176 804 4269 conduntur,
827 4180 930 4275 queis
951 4201 1005 4253 me
1031 4202 1178 4279 quoque
1202 4178 1366 4253 vulnerat
1389 4172 1512 4269 ipsam.

402 4298 502 4375 Haec
527 4302 683 4376 crudelia
710 4302 859 4378 cundia:
886 4304 948 4379 sed
974 4309 1025 4380 est
1056 4305 1235 4378 crudelior
1260 4303 1332 4375 illis

401 4424 501 4517 Fax,
545 4448 660 4525 quae,
683 4447 793 4524 parva
821 4428 930 4520 licet,
955 4431 1060 4506 novit
1087 4446 1202 4505 tamen
1233 4448 1336 4501 urere
1365 4423 1487 4501 solem.

401 4549 512 4625 Hunc
537 4554 561 4627 sr
585 4570 626 4630 tu
651 4555 835 4647 invenias,
861 4555 1017 4632 strictum
1034 4577 1141 4653 rape,
1164 4574 1310 4652 parcere
1327 4553 1424 4644 noli,

404 4677 443 4751 Si
466 4680 611 4753 flentem
636 4683 779 4774 videar,
803 4705 849 4757 ne
872 4685 1072 4781 decipiare,
1098 4702 1239 4758 caveto.

399 4801 715 4896 Subridet;,tanto
741 4808 838 4881 trahe
857 4811 1011 4902 fortius3
1037 4812 1157 4885 oscula
1183 4810 1293 4900 libat3

402 4926 535 5006 Oscula
559 4933 627 5009 srnt
655 4932 832 5029 suspeclat
867 4935 1072 5010 madent&
1096 4937 1193 5012 labra
1216 4953 1371 5013 veneno.

978 5060 1009 5137 P
1560 5056 1660 5134 Haec
