4809 6034
547 653 553 660 ,
648 576 1290 664 stnerrn1nos..
1574 582 1654 680 269

719 802 1233 900 XIV.11tcartrr,

857 1101 914 1177 De
937 1104 1080 1181 Erinna.

392 1411 554 1491 Lesbidis
581 1410 737 1486 Erinnae
763 1427 837 1485 non
861 1430 987 1506 magna
1011 1414 1132 1500 mole,
1160 1409 1221 1485 sed
1246 1413 1362 1490 omnis

440 1538 617 1614 Pieridum
642 1537 781 1611 redolet
805 1534 922 1609 dulcia
946 1539 1051 1611 mella
1073 1538 1199 1611 favusa

392 1664 501 1740 Haud
526 1666 609 1759 pius
631 1681 686 1738 ter
711 1678 853 1737 centum
879 1684 972 1759 quae
997 1665 1152 1740 verfibus
1177 1681 1307 1762 aequat
1333 1667 1556 1761 Homerum,

441 1794 572 1866 Annos
600 1785 828 1863 nata'decem
850 1789 956 1886 virgo
983 1790 1159 1887 superque
1185 1811 1331 1869 novem.

254 1895 265 1912 ’
394 1917 477 1992 Nec
502 1932 620 1991 tamen
642 1917 775 1991 interea
800 1933 891 2026 quae
914 1914 1070 2010 poscunt
1092 1920 1165 1992 otia
1183 1917 1311 1993 Musae

441 2046 518 2117 Aut
541 2043 643 2118 colus
666 2059 728 2116 aut
753 2043 868 2132 telae,
894 2056 1005 2115 matre
1034 2058 1242 2136 premente,
1266 2041 1422 2123 dabant.

390 2170 429 2244 si
452 2168 577 2263 cupis,
604 2167 773 2242 Erinnam
800 2167 946 2261 Sappho
972 2166 1149 2242 testudine
1173 2170 1317 2259 vincat,

436 2293 533 2369 Dum
556 2283 674 2370 tamen
699 2293 855 2367 Erinnae
881 2288 987 2364 cedat
1008 2291 1045 2366 in
1068 2292 1301 2369 hexametris.

738 2624 834 2700 XV.
878 2626 951 2697 In
978 2648 1006 2697 c
1027 2648 1052 2698 n
1074 2647 1099 2701 rt
1125 2647 1150 2699 r
1175 2647 1207 2701 r.

697 2918 813 3002 'mser
836 2926 1053 3026 Lycophronis
1079 2931 1233 3025 loquitar.

389 3231 477 3306 Non
500 3228 606 3304 facile
627 3230 666 3306 in
689 3229 802 3310 lucem
827 3236 972 3328 venies,
999 3238 1026 3313 fi
1047 3236 1144 3312 forte
1168 3252 1308 3315 meatus

437 3355 632 3446 Incideris,
658 3361 777 3435 noster
801 3384 894 3459 quos
919 3365 1146 3458 labyrinthus
1170 3364 1290 3439 habet.

389 3484 479 3557 Tam
504 3482 607 3553 tortis
633 3479 818 3558 Carandra
843 3488 935 3561 suria
958 3490 1113 3562 fanatica
1136 3489 1283 3577 verbis,

438 3606 537 3703 Quae
562 3604 703 3681 Priamo
729 3614 878 3685 memori
909 3615 1053 3688 nuntius
1077 3635 1141 3684 ore
1164 3610 1294 3681 refert.

391 3729 430 3806 Si
453 3728 519 3801 tibi
545 3725 709 3824 Calliope
736 3751 798 3804 cor
822 3730 974 3822 imbuit,
998 3730 1142 3826 accipe:
1168 3731 1299 3805 Musae

440 3853 481 3929 Si
502 3853 604 3930 rudis
622 3875 687 3948 es,
710 3855 872 3934 manibus
897 3877 971 3932 non
995 3855 1061 3932 nifi
1083 3856 1230 3952 pondus
1251 3857 1378 3935 habet.

719 4188 1232 4282 XVLIncenrb

720 4459 725 4468 x
828 4487 884 4564 De
907 4490 1115 4568 Archilocho.

391 4795 493 4892 Quos
518 4792 630 4890 legis,
656 4792 875 4894 Archilocho
899 4797 1013 4871 rabies
1039 4794 1186 4869 dictavit
1212 4794 1386 4890 Jambos,

361 5013 365 5018 ἦ
392 5006 398 5011 ,
437 4917 567 4993 Tintia
591 4918 802 4995 venenifero
824 4921 977 4996 carmina
1001 4921 1088 5006 felle
1106 4918 1264 4997 madent.

931 5043 1032 5140 aaa
1430 5046 1640 5126 avum.
