4809 6034
604 545 1377 705 moeossscuo'cous.
1594 615 1672 697 897

412 830 593 908 locellum
615 829 642 904 fi
666 828 747 936 qois
764 840 870 923 putet
892 827 987 919 hoc,
1010 840 1048 901 at
1072 793 1206 901 cer'tius
1230 823 1345 903 illude

460 957 551 1033 Non
576 955 681 1031 decet
703 956 795 1031 hanc
819 955 1008 1029 thalamum
1033 971 1228 1055 quaerere,
1254 947 1318 1029 sed
1339 951 1530 1028 tumulum.

757 1213 1230 1326 olumnam

414 1540 575 1635 lprocul
589 1535 701 1625 hino,
724 1535 923 1631 aliamque,
947 1535 1209 1629 Menesthea,
1235 1549 1366 1614 excute
1382 1547 1578 1636 quercum:

462 1666 575 1740 Arida
599 1683 680 1738 com
704 1661 802 1756 rugis
827 1683 903 1737 non
929 1661 1016 1736 mihi
1033 1684 1139 1759 poma
1163 1664 1324 1759 placent.

413 1791 495 1867 Hos
519 1810 625 1882 amo,
649 1809 743 1886 quos
767 1808 907 1863 mecum
931 1787 1039 1868 video
1063 1791 1252 1890 florescere
1273 1786 1441 1881 fructus,

462 1915 654 1995 Albentem
684 1935 832 1993 corvum
862 1937 939 1994 non
958 1916 1046 1992 volo
1072 1915 1295 2013 conspicere.
1504 1919 1505 1924 '

744 2194 1249 2284 XIV.1ncenc1.

415 2497 541 2575 Omnis
564 2514 653 2571 anus
678 2496 864 2592 locuples,
888 2496 961 2574 hoc
986 2514 1044 2592 te,
1069 2496 1258 2587 Placiooe,
1285 2492 1471 2584 monebo,

457 2624 524 2700 Est
548 2622 648 2702 dives
672 2624 856 2717 tumulus,
881 2639 1137 2723 praetereaque
1162 2621 1265 2699 nihil.

779 2908 1211 2990 molam.

415 3202 590 3303 Tingenti
610 3200 757 3277 nimium
784 3203 906 3281 cunels
921 3207 1060 3303 periere
1086 3207 1221 3303 capilli.

461 3328 629 3406 Glabrior
652 3328 704 3401 est
728 3349 823 3421 ovo,
850 3333 916 3434 qul
938 3335 1040 3422 prius
1065 3331 1183 3403 hirtus
1207 3344 1296 3404 erat.

411 3452 473 3538 Sic
496 3472 606 3547 opera
628 3452 791 3528 tiostorie
815 3454 890 3548 agit
912 3452 1016 3526 miser
1033 3452 1106 3526 otia
1128 3452 1278 3544 tonsor,

463 3574 537 3663 Cui
553 3596 655 3652 coma
680 3596 748 3653 nec
764 3576 908 3676 nigrans
928 3577 1001 3652 ulla
1020 3597 1087 3653 nec
1104 3578 1184 3655 olba
1213 3575 1323 3652 cadit.

697 3957 737 4040 ,Τ
777 3961 797 4040 Ῑ
837 3961 874 4039 Τ
917 3960 958 4037 U
998 3961 1031 4038 L
1074 3961 1114 4040 U
1156 3964 1182 4041 S
1241 3961 1291 4039 X.

792 4251 861 4337 De
891 4250 1196 4336 Grammaticis.

768 4554 1221 4636 LLucxccu.

407 4843 635 4929 commatici
658 4856 796 4923 tentum
824 4849 851 4927 fi
876 4849 938 4925 fim
960 4867 1097 4925 memor
1122 4842 1335 4941 Heliodorl‚

455 4971 590 5051 Nostro
613 4972 861 5054 soloecismum
883 4975 1008 5072 lingua
1032 4988 1181 5073 repente
1204 4971 1304 5052 saclt.

900 5099 1006 5178 Ddd
1031 5123 1054 5200 3
1471 5094 1521 5196 11,
1544 5094 1666 5199 Ejus·
