4809 6034
693 554 947 642 mauu
995 557 1326 642 PRIMUS.

688 785 746 862 ΙΙ.
769 784 1011 863 Drouoar
1045 787 1340 885 bremam,

872 1009 1042 1107 Diopirlis
1066 1009 1151 1108 filii.

427 1287 554 1391 Qualis
582 1283 788 1361 Achillides.
807 1281 914 1378 Scyri
945 1283 1134 1379 scopulosa
1166 1283 1373 1398 relinquens
1500 1323 1504 1329 ’

474 1414 517 1488 ln
544 1411 735 1507 Phrygiam
762 1409 856 1485 rexit
882 1411 963 1486 vela
989 1409 1279 1505 Neoptolemus,

424 1538 525 1617 Talis
550 1534 641 1612 tedia
670 1535 778 1611 Remi
800 1527 953 1629 repetit,
977 1536 1165 1633 magnique
1190 1540 1324 1616 fluenta
1489 1539 1492 1549 ‘

469 1662 663 1758 Tybridis,
687 1659 895 1738 Aeneadum
914 1658 1063 1760 duxque
1092 1678 1298 1763 caputque,
1324 1664 1442 1744 Nero.

421 1792 518 1869 Huic
534 1809 683 1889 quoque
714 1792 828 1885 prima
843 1789 937 1865 viret
959 1790 1119 1889 lanugoa
1144 1791 1206 1867 sed
1232 1791 1294 1868 ille
1323 1793 1464 1871 valebat

469 1919 610 2011 Armir,
633 1918 693 1993 hic
716 1920 820 2026 armis
848 1917 1071 2016 ingenioque
1096 1920 1213 1998 fimul.
1259 1969 1262 1974 ι

663 2199 1333 2278 HLAuoaaournam

414 2473 618 2561 Maletum,
644 2465 749 2564 Caji,
773 2468 843 2546 flos
861 2471 930 2566 jam
954 2470 1021 2548 tibi
1035 2471 1199 2567 primus,
1225 2468 1263 2546 dc
1282 2469 1357 2546 oris

428 2694 432 2702 ι
459 2599 640 2674 Caesaries
663 2595 768 2672 doda
789 2596 884 2672 falce
912 2594 1148 2673 recisacadit.

410 2726 558 2820 Accipit
573 2725 644 2824 ipse
666 2745 801 2799 comam
831 2724 956 2799 dextra
982 2739 1106 2821 pater,
1130 2737 1238 2823 atquc
1259 2735 1426 2822 precatur
1467 2755 1493 2813 ,-

457 2852 607 2941 Lucius,
631 2853 669 2928 in
695 2855 827 2928 multos
855 2850 990 2926 crescat
1014 2869 1062 2927 ut
1085 2852 1147 2926 illa
1183 2850 1273 2929 dies.

408 2979 531 3055 Aurea
557 2979 643 3055 dent
664 2979 745 3071 alii,
768 3000 835 3055 nos
852 2976 1001 3062 blandae
1020 2977 1094 3053 sola
1118 2979 1299 3056 Camenae

454 3105 634 3182 Munera:
671 3104 805 3182 divitiis
827 3128 904 3184 non
930 3107 1029 3183 valet
1048 3108 1112 3185 illa
1135 3109 1266 3186 mima·
1335 3183 1339 3192 .

716 3391 1249 3468 laurearum.

401 3638 461 3715 De
485 3637 625 3716 cunule
647 3659 704 3715 res
720 3639 873 3735 pulchra
889 3641 991 3738 loqui
1003 3641 1096 3718 bene
1112 3640 1273 3735 semper:
1303 3635 1489 3714 honestum

450 3763 586 3845 Probra
613 3787 703 3860 nec,
730 3767 767 3843 in
793 3766 958 3842 meritum
982 3785 1061 3841 cum
1085 3765 1292 3862 jaciuntur,
1314 3766 1457 3844 habent.

711 4019 1255 4130 umidarum.

401 4299 560 4386 'ibreicii
586 4299 712 4377 dudior
735 4299 861 4396 populi
886 4302 1088 4395 clarillime,
1112 4305 1214 4379 mific

443 4429 509 4503 Me
536 4423 691 4524 genitrir'r
714 4424 907 4502 Macedrlm
934 4430 1183 4507 Thessalonica
1209 4425 1289 4504 tibi.
1532 4516 1537 4522 p

395 4553 452 4628 Te
474 4572 565 4627 cano
588 4554 708 4628 Marte
735 4567 801 4629 tuo
818 4554 957 4632 Martia·
973 4577 1088 4655 genus
1107 4576 1190 4631 acre
1207 4553 1434 4647 domantem,

441 4679 623 4777 Nullaque
648 4677 693 4751 de
718 4679 815 4754 bello
841 4702 923 4776 pars
951 4682 1039 4757 mrlri
1064 4699 1150 4760 nota
1174 4679 1282 4778 perit.

385 4807 470 4907 ·Jarn
492 4794 843 4902 precibur‘veneror
863 4805 1042 4913 placidum
1069 4821 1108 4882 te
1133 4826 1291 4900 numer,
1315 4806 1353 4885 dc
1372 4825 1474 4887 aruer

436 4932 515 5009 Des
537 4951 640 5031 rogo.
674 4949 766 5028 quac
789 4931 906 5010 Musa
935 4950 1023 5006 cura
1043 4936 1324 5016 recurreret?
1385 5023 1388 5028 ,

861 5091 862 5100 ¹
947 5056 1031 5137 02
1160 5125 1167 5134 .
1559 5059 1649 5159 Tra
