4809 6034
693 565 1333 653 LIBERPRIMUS.
1638 580 1690 662 9³

432 799 589 882 Vincula
612 797 673 874 sed
698 797 809 875 modo
830 797 901 895 jum
926 773 991 895 qu'i
1012 807 1159 891 ruperat
1184 791 1388 871 Herculeus
1413 788 1494 886 sus,

481 903 649 1026 Lanigeri
675 925 782 1000 saevo
800 923 936 1000 viscera
959 919 1067 996 dente
1094 918 1197 1015 petit.

406 1047 413 1058 ’
434 1055 494 1132 Sic
510 1074 611 1149 puer
636 1054 768 1156 euafita
792 1069 928 1125 memor
952 1067 997 1123 arr
1025 1047 1183 1147 Junonis
1207 1045 1352 1143 iniquae

481 1179 605 1258 Aetati
627 1194 768 1257 tenerae
790 1178 864 1255 fert
878 1245 881 1254 .
888 1175 984 1276 Jove
1008 1192 1113 1253 natur
1138 1174 1276 1271 opem?

653 1497 1375 1577 'VLAaourorernnm
1458 1497 1461 1500 ’

437 1809 592 1904 Propter
614 1801 835 1900 Aristippum
859 1802 951 1878 vidit
973 1803 1161 1902 laetosque
1178 1816 1369 1902 parentes‘

487 1934 767 2030 Maerenterque
791 1930 917 2005 iterum
942 1930 1044 2029 (quis
1068 1945 1174 2026 putet
1185 1928 1228 2026 i)
1254 1950 1326 2007 una
1344 1927 1434 2007 dier.

441 2059 588 2135 Exierat
604 2055 709 2133 testis
728 2055 955 2134 amentibus:
983 2053 1099 2151 injicit
1126 2055 1180 2129 illi
1222 2097 1225 2100 -

491 2184 661 2284 Juppiter
689 2183 727 2260 in
752 2149 905 2260 medium
933 2182 1192 2259 ruminatum
1217 2197 1339 2280 caput.

443 2310 651 2387 Exanimem
670 2289 785 2385 tristes
813 2314 860 2388 iic
875 2312 1074 2387 affabantur
1097 2307 1224 2382 amicir

494 2435 579 2511 Heu
602 2421 769 2534 superum
810 2438 892 2512 telis
916 2434 1036 2512 debite
1062 2452 1142 2507 care
1160 2451 1267 2529 puer.
1374 2501 1380 2523 ,

775 2713 880 2836 νἸΙ.
916 2756 1271 2855 EJuanrm.

452 3061 560 3139 Creta
583 3059 863 3159 pharetrigerurn
888 3064 937 3141 fic
959 3062 1012 3138 est
1037 3061 1144 3161 Jovis
1166 3056 1318 3158 armiger
1341 3055 1469 3151 ultus,¹

497 3189 659 3264 Vulnere
683 3203 725 3262 ut
749 3206 899 3285 accepto
924 3187 1054 3268 vulnus
1080 3191 1118 3266 ie
1142 3190 1217 3285 ipse
1241 3188 1353 3263 daret.

451 3313 595 3389 Occidit
620 3312 824 3413 occiditque
847 3318 972 3409 fimu13
996 3337 1076 3412 nam
1092 3317 1213 3413 lapsus
1239 3316 1285 3391 ab
1307 3314 1382 3391 alto

497 3438 657 3516 Aethere
682 3438 785 3513 saeva
810 3456 908 3516 retro
934 3441 1004 3515 tela
1028 3461 1225 3536 necemque
1249 3438 1343 3514 tulit.

452 3563 515 3639 Ne
540 3561 685 3637 nimium
703 3563 828 3636 vestris
853 3565 1000 3658 posthac
1025 3587 1114 3662 gens
1141 3564 1262 3638 Cresia
1289 3561 1425 3655 sagittis

503 3685 641 3761 Fiditea
668 3707 743 3762 non
767 3688 885 3761 minor
910 3687 962 3759 est
985 3685 1131 3760 dextera
1156 3698 1253 3758 certa
1277 3683 1379 3782 Joui.

627 4001 761 4083 v111.
787 4008 1056 4101 Ancurae,
1087 4005 1446 4086 Mrrrnrraarr.

376 4383 383 4390 ,
459 4304 557 4384 Dum
584 4307 687 4407 niger
701 4331 749 4396 ex
772 4310 868 4385 celso
889 4327 1000 4388 terras
1017 4314 1118 4389 videt
1143 4315 1290 4390 aethere
1315 4327 1470 4401 corvru,

512 4433 610 4511 Ecce
629 4455 757 4533 nepam
782 4436 856 4513 sese
881 4440 1009 4515 tollere
1033 4439 1147 4516 cernit
1175 4439 1301 4516 humo.

461 4557 603 4636 Involat
628 4563 748 4666 inane:
773 4562 836 4640 sed
859 4563 945 4640 dum
966 4565 1227 4664 prosternitur,
1253 4562 1392 4663 agmine
1415 4557 1551 4638 caudae

514 4687 687 4783 Raptoris
715 4692 873 4789 pupugit
895 4692 1006 4769 bestia
1027 4692 1129 4771 saeva
1143 4692 1286 4789 pedem.
1366 4739 1370 4744 -

462 4810 506 4886 Id
527 4816 661 4890 vulnus
677 4815 807 4924 lethale
827 4817 920 4894 fait:
946 4815 1105 4915 dumque
1130 4805 1291 4895 imminet
1313 4817 1390 4896 alet

514 4939 677 5019 Alterius
700 4943 833 5038 morti,
857 4944 1016 5043 repperit
1040 4944 1117 5041 ipse
1140 4944 1253 5023 suam.
1531 4997 1534 5002 »

1021 5069 1120 5170 M3
1503 5061 1579 5140 IX.
1604 5059 1726 5141 Par&
1841 5067 1845 5074 '
