<?xml version="1.0" encoding="UTF-8"?>
<!DOCTYPE html PUBLIC "-//W3C//DTD XHTML 1.0 Transitional//EN"
    "http://www.w3.org/TR/xhtml1/DTD/xhtml1-transitional.dtd">
<html xmlns="http://www.w3.org/1999/xhtml" xml:lang="en" lang="en">
 <head>
  <title>
</title>
<meta http-equiv="Content-Type" content="text/html;charset=utf-8" />
  <meta name='ocr-system' content='tesseract 3.04.00' />
  <meta name='ocr-capabilities' content='ocr_page ocr_carea ocr_par ocr_line ocrx_word'/>
</head>
<body>
  <div class='ocr_page' id='page_1' title='image "./anthologiagraec02saumgoog_0325.png"; bbox 0 0 4809 6034; ppageno 0'>
   <div class='ocr_carea' id='block_1_1' title="bbox 688 564 1358 657">
    <p class='ocr_par' dir='ltr' id='par_1_1' title="bbox 688 564 1358 657">
     <span class='ocr_line' id='line_1_1' title="bbox 688 564 1358 657; baseline 0.01 -11"><span class='ocrx_word' id='word_1_1' title='bbox 688 564 945 649; x_wconf 83' lang='lat' dir='ltr'>LIBER</span> <span class='ocrx_word' id='word_1_2' title='bbox 992 566 1358 657; x_wconf 84' lang='lat' dir='ltr'><strong>PRIMUS.&#39;</strong></span> 
     </span>
    </p>
   </div>
   <div class='ocr_carea' id='block_1_2' title="bbox 436 791 1449 1273">
    <p class='ocr_par' dir='ltr' id='par_1_2' title="bbox 440 791 1436 1019">
     <span class='ocr_line' id='line_1_2' title="bbox 440 791 1407 894; baseline 0.004 -22"><span class='ocrx_word' id='word_1_3' title='bbox 440 793 577 873; x_wconf 88' lang='lat' dir='ltr'>Oderat</span> <span class='ocrx_word' id='word_1_4' title='bbox 599 791 675 889; x_wconf 84' lang='lat' dir='ltr'>ipse</span> <span class='ocrx_word' id='word_1_5' title='bbox 698 806 857 890; x_wconf 84' lang='lat' dir='ltr'>patrem,</span> <span class='ocrx_word' id='word_1_6' title='bbox 883 793 945 870; x_wconf 86' lang='lat' dir='ltr'>sed</span> <span class='ocrx_word' id='word_1_7' title='bbox 969 794 1008 872; x_wconf 85' lang='lat' dir='ltr'>dt</span> <span class='ocrx_word' id='word_1_8' title='bbox 1025 796 1208 878; x_wconf 81' lang='lat' dir='ltr'>occidinet</span> <span class='ocrx_word' id='word_1_9' title='bbox 1224 798 1407 894; x_wconf 67' lang='lat' dir='ltr'>eundem,</span> 
     </span>
     <span class='ocr_line' id='line_1_3' title="bbox 489 907 1436 1019; baseline 0.005 -22"><span class='ocrx_word' id='word_1_10' title='bbox 489 924 528 997; x_wconf 83' lang='lat' dir='ltr'>Si</span> <span class='ocrx_word' id='word_1_11' title='bbox 551 924 666 1019; x_wconf 82' lang='lat' dir='ltr'>poffet</span> <span class='ocrx_word' id='word_1_12' title='bbox 685 919 811 992; x_wconf 90' lang='lat' dir='ltr'>mortis</span> <span class='ocrx_word' id='word_1_13' title='bbox 833 918 912 1012; x_wconf 84' lang='lat' dir='ltr'>jura</span> <span class='ocrx_word' id='word_1_14' title='bbox 939 922 1053 997; x_wconf 91' lang='lat' dir='ltr'>subire</span> <span class='ocrx_word' id='word_1_15' title='bbox 1079 924 1193 1001; x_wconf 88' lang='lat' dir='ltr'>Deus.</span> <span class='ocrx_word' id='word_1_16' title='bbox 1432 907 1436 918; x_wconf 63' lang='grc'><strong><em>’</em></strong></span> 
     </span>
    </p>

    <p class='ocr_par' dir='ltr' id='par_1_3' title="bbox 436 1045 1449 1273">
     <span class='ocr_line' id='line_1_4' title="bbox 436 1045 1449 1147; baseline 0.005 -20"><span class='ocrx_word' id='word_1_17' title='bbox 436 1050 522 1127; x_wconf 88' lang='lat' dir='ltr'>Hoc</span> <span class='ocrx_word' id='word_1_18' title='bbox 549 1048 634 1147; x_wconf 89' lang='lat' dir='ltr'>quia</span> <span class='ocrx_word' id='word_1_19' title='bbox 654 1067 728 1123; x_wconf 90' lang='lat' dir='ltr'>non</span> <span class='ocrx_word' id='word_1_20' title='bbox 744 1045 889 1141; x_wconf 88' lang='lat' dir='ltr'>potuit,</span> <span class='ocrx_word' id='word_1_21' title='bbox 906 1067 1013 1134; x_wconf 81' lang='lat' dir='ltr'>nunc</span> <span class='ocrx_word' id='word_1_22' title='bbox 1030 1068 1112 1123; x_wconf 90' lang='lat' dir='ltr'>cum</span> <span class='ocrx_word' id='word_1_23' title='bbox 1137 1050 1330 1130; x_wconf 82' lang='lat' dir='ltr'>Titanibus</span> <span class='ocrx_word' id='word_1_24' title='bbox 1350 1052 1449 1134; x_wconf 84' lang='lat' dir='ltr'>ilium</span> 
     </span>
     <span class='ocr_line' id='line_1_5' title="bbox 483 1170 1279 1273; baseline 0 -20"><span class='ocrx_word' id='word_1_25' title='bbox 483 1177 543 1254; x_wconf 83' lang='lat' dir='ltr'>Sic</span> <span class='ocrx_word' id='word_1_26' title='bbox 566 1176 665 1273; x_wconf 84' lang='lat' dir='ltr'>quafi</span> <span class='ocrx_word' id='word_1_27' title='bbox 685 1175 860 1248; x_wconf 83' lang='lat' dir='ltr'>latronem</span> <span class='ocrx_word' id='word_1_28' title='bbox 882 1170 1019 1248; x_wconf 83' lang='lat' dir='ltr'>detinet</span> <span class='ocrx_word' id='word_1_29' title='bbox 1040 1173 1079 1250; x_wconf 91' lang='lat' dir='ltr'>in</span> <span class='ocrx_word' id='word_1_30' title='bbox 1101 1174 1279 1253; x_wconf 84' lang='lat' dir='ltr'>barathro.</span> 
     </span>
    </p>
   </div>
   <div class='ocr_carea' id='block_1_3' title="bbox 776 1459 1253 1543">
    <p class='ocr_par' dir='ltr' id='par_1_4' title="bbox 776 1459 1253 1543">
     <span class='ocr_line' id='line_1_6' title="bbox 776 1459 1253 1543; baseline 0.019 -10"><span class='ocrx_word' id='word_1_31' title='bbox 776 1459 864 1536; x_wconf 90' lang='lat'>111.</span> <span class='ocrx_word' id='word_1_32' title='bbox 904 1464 1253 1543; x_wconf 77' lang='lat' dir='ltr'>Aacurnr.</span> 
     </span>
    </p>
   </div>
   <div class='ocr_carea' id='block_1_4' title="bbox 431 1731 1338 1959">
    <p class='ocr_par' dir='ltr' id='par_1_5' title="bbox 431 1731 1338 1959">
     <span class='ocr_line' id='line_1_7' title="bbox 431 1731 1293 1828; baseline -0.006 -11"><span class='ocrx_word' id='word_1_33' title='bbox 431 1740 595 1817; x_wconf 87' lang='lat' dir='ltr'>Uvarum</span> <span class='ocrx_word' id='word_1_34' title='bbox 618 1732 737 1806; x_wconf 83' lang='lat' dir='ltr'>fuerat</span> <span class='ocrx_word' id='word_1_35' title='bbox 762 1731 823 1828; x_wconf 88' lang='lat' dir='ltr'>qui</span> <span class='ocrx_word' id='word_1_36' title='bbox 843 1731 905 1807; x_wconf 87' lang='lat' dir='ltr'>fur</span> <span class='ocrx_word' id='word_1_37' title='bbox 930 1731 1202 1827; x_wconf 82' lang='lat' dir='ltr'>Hecatonymus</span> <span class='ocrx_word' id='word_1_38' title='bbox 1224 1734 1293 1812; x_wconf 89' lang='lat' dir='ltr'>ivit</span> 
     </span>
     <span class='ocr_line' id='line_1_8' title="bbox 482 1857 1338 1959; baseline 0.001 -20"><span class='ocrx_word' id='word_1_39' title='bbox 482 1862 544 1939; x_wconf 86' lang='lat' dir='ltr'>Ad</span> <span class='ocrx_word' id='word_1_40' title='bbox 570 1857 736 1957; x_wconf 84' lang='lat' dir='ltr'>Stygias,</span> <span class='ocrx_word' id='word_1_41' title='bbox 760 1870 863 1953; x_wconf 87' lang='lat' dir='ltr'>rapto</span> <span class='ocrx_word' id='word_1_42' title='bbox 885 1859 1031 1952; x_wconf 82' lang='lat' dir='ltr'>palmite</span> <span class='ocrx_word' id='word_1_43' title='bbox 1054 1858 1195 1954; x_wconf 71' lang='lat' dir='ltr'>sedus,</span> <span class='ocrx_word' id='word_1_44' title='bbox 1220 1880 1338 1959; x_wconf 85' lang='lat' dir='ltr'>aquas.</span> 
     </span>
    </p>
   </div>
   <div class='ocr_carea' id='block_1_5' title="bbox 775 2143 1231 2225">
    <p class='ocr_par' dir='ltr' id='par_1_6' title="bbox 775 2143 1231 2225">
     <span class='ocr_line' id='line_1_9' title="bbox 775 2143 1231 2225; baseline 0.015 -8"><span class='ocrx_word' id='word_1_45' title='bbox 775 2143 1231 2225; x_wconf 80' lang='lat' dir='ltr'>lV.1ncrrarr.</span> 
     </span>
    </p>
   </div>
   <div class='ocr_carea' id='block_1_6' title="bbox 360 2351 1309 2664">
    <p class='ocr_par' dir='ltr' id='par_1_7' title="bbox 360 2351 1309 2664">
     <span class='ocr_line' id='line_1_10' title="bbox 360 2351 1279 2511; baseline -0.005 -17"><span class='ocrx_word' id='word_1_46' title='bbox 360 2405 367 2410; x_wconf 71' lang='grc'><strong><em>’</em></strong></span> <span class='ocrx_word' id='word_1_47' title='bbox 406 2351 411 2364; x_wconf 71' lang='lat'>=</span> <span class='ocrx_word' id='word_1_48' title='bbox 472 2413 643 2493; x_wconf 87' lang='lat' dir='ltr'>Detestor</span> <span class='ocrx_word' id='word_1_49' title='bbox 667 2411 767 2486; x_wconf 93' lang='lat' dir='ltr'>illum</span> <span class='ocrx_word' id='word_1_50' title='bbox 792 2409 890 2506; x_wconf 79' lang='lat' dir='ltr'>cuius</span> <span class='ocrx_word' id='word_1_51' title='bbox 913 2409 1097 2510; x_wconf 77' lang='lat' dir='ltr'>ingenium</span> <span class='ocrx_word' id='word_1_52' title='bbox 1121 2411 1279 2511; x_wconf 81' lang='lat' dir='ltr'><strong>duplex,</strong></span> 
     </span>
     <span class='ocr_line' id='line_1_11' title="bbox 472 2535 1309 2664; baseline 0 -44"><span class='ocrx_word' id='word_1_53' title='bbox 472 2540 605 2620; x_wconf 81' lang='lat' dir='ltr'>Verbis</span> <span class='ocrx_word' id='word_1_54' title='bbox 627 2537 822 2636; x_wconf 83' lang='lat' dir='ltr'>benignum</span> <span class='ocrx_word' id='word_1_55' title='bbox 832 2587 856 2664; x_wconf 27' lang='grc' dir='ltr'>,Ι</span> <span class='ocrx_word' id='word_1_56' title='bbox 871 2535 1008 2614; x_wconf 85' lang='lat' dir='ltr'>callidis</span> <span class='ocrx_word' id='word_1_57' title='bbox 1030 2537 1135 2618; x_wconf 75' lang='lat' dir='ltr'>fadis</span> <span class='ocrx_word' id='word_1_58' title='bbox 1160 2561 1309 2620; x_wconf 85' lang='lat' dir='ltr'>nocens.</span> 
     </span>
    </p>
   </div>
   <div class='ocr_carea' id='block_1_7' title="bbox 639 2883 1497 3014">
    <p class='ocr_par' dir='ltr' id='par_1_8' title="bbox 639 2883 1497 3014">
     <span class='ocr_line' id='line_1_12' title="bbox 639 2883 1497 3014; baseline 0.007 -5"><span class='ocrx_word' id='word_1_59' title='bbox 639 2883 1497 3014; x_wconf 59' lang='lat' dir='ltr'>arsurusuxxrr&#39;&#39;</span> 
     </span>
    </p>
   </div>
   <div class='ocr_carea' id='block_1_8' title="bbox 872 3204 1256 3299">
    <p class='ocr_par' dir='ltr' id='par_1_9' title="bbox 872 3204 1256 3299">
     <span class='ocr_line' id='line_1_13' title="bbox 872 3204 1256 3299; baseline 0 -7"><span class='ocrx_word' id='word_1_60' title='bbox 872 3204 942 3292; x_wconf 79' lang='lat' dir='ltr'>De</span> <span class='ocrx_word' id='word_1_61' title='bbox 970 3204 1137 3299; x_wconf 78' lang='lat' dir='ltr'>Scortir.</span> <span class='ocrx_word' id='word_1_62' title='bbox 1248 3269 1256 3292; x_wconf 76' lang='grc'><strong>.</strong></span> 
     </span>
    </p>
   </div>
   <div class='ocr_carea' id='block_1_9' title="bbox 758 3505 1235 3584">
    <p class='ocr_par' dir='ltr' id='par_1_10' title="bbox 758 3505 1235 3584">
     <span class='ocr_line' id='line_1_14' title="bbox 758 3505 1235 3584; baseline 0.006 -4"><span class='ocrx_word' id='word_1_63' title='bbox 758 3505 1235 3584; x_wconf 68' lang='lat' dir='ltr'>1.Pnrrnnnm</span> 
     </span>
    </p>
   </div>
   <div class='ocr_carea' id='block_1_10' title="bbox 407 3774 1522 5004">
    <p class='ocr_par' dir='ltr' id='par_1_11' title="bbox 417 3774 1522 3997">
     <span class='ocr_line' id='line_1_15' title="bbox 417 3774 1522 3882; baseline 0.006 -26"><span class='ocrx_word' id='word_1_64' title='bbox 417 3782 493 3882; x_wconf 89' lang='lat' dir='ltr'>Qui</span> <span class='ocrx_word' id='word_1_65' title='bbox 514 3778 659 3856; x_wconf 87' lang='lat' dir='ltr'>fuerant</span> <span class='ocrx_word' id='word_1_66' title='bbox 680 3775 867 3868; x_wconf 84' lang='lat' dir='ltr'>homines,</span> <span class='ocrx_word' id='word_1_67' title='bbox 891 3774 978 3853; x_wconf 86' lang='lat' dir='ltr'>mihi</span> <span class='ocrx_word' id='word_1_68' title='bbox 996 3796 1070 3855; x_wconf 92' lang='lat' dir='ltr'>non</span> <span class='ocrx_word' id='word_1_69' title='bbox 1094 3775 1286 3872; x_wconf 81' lang='lat' dir='ltr'>persuadet</span> <span class='ocrx_word' id='word_1_70' title='bbox 1311 3775 1522 3882; x_wconf 84' lang='lat' dir='ltr'><strong>Homerus,</strong></span> 
     </span>
     <span class='ocr_line' id='line_1_16' title="bbox 465 3903 1160 3997; baseline 0 -18"><span class='ocrx_word' id='word_1_71' title='bbox 465 3904 622 3979; x_wconf 85' lang='lat' dir='ltr'>Circaeis</span> <span class='ocrx_word' id='word_1_72' title='bbox 644 3903 759 3979; x_wconf 71' lang='lat' dir='ltr'>fastos</span> <span class='ocrx_word' id='word_1_73' title='bbox 782 3904 917 3980; x_wconf 81' lang='lat' dir='ltr'>artibus</span> <span class='ocrx_word' id='word_1_74' title='bbox 941 3905 1010 3979; x_wconf 83' lang='lat' dir='ltr'>effe</span> <span class='ocrx_word' id='word_1_75' title='bbox 1033 3904 1160 3997; x_wconf 87' lang='lat' dir='ltr'>lupos,</span> 
     </span>
    </p>

    <p class='ocr_par' dir='ltr' id='par_1_12' title="bbox 415 4026 1328 4250">
     <span class='ocr_line' id='line_1_17' title="bbox 415 4026 1328 4132; baseline 0.002 -24"><span class='ocrx_word' id='word_1_76' title='bbox 415 4031 641 4126; x_wconf 82' lang='lat' dir='ltr'>Setigerosve</span> <span class='ocrx_word' id='word_1_77' title='bbox 665 4031 757 4106; x_wconf 81' lang='lat' dir='ltr'>sues</span> <span class='ocrx_word' id='word_1_78' title='bbox 783 4029 962 4132; x_wconf 58' lang='lat' dir='ltr'>Metgtrix</span> <span class='ocrx_word' id='word_1_79' title='bbox 985 4026 1048 4104; x_wconf 86' lang='lat' dir='ltr'>sed</span> <span class='ocrx_word' id='word_1_80' title='bbox 1072 4029 1172 4104; x_wconf 82' lang='lat' dir='ltr'>vafra</span> <span class='ocrx_word' id='word_1_81' title='bbox 1196 4031 1328 4110; x_wconf 88' lang='lat' dir='ltr'>dolofis</span> 
     </span>
     <span class='ocr_line' id='line_1_18' title="bbox 464 4153 1173 4250; baseline -0.001 -20"><span class='ocrx_word' id='word_1_82' title='bbox 464 4155 603 4250; x_wconf 87' lang='lat' dir='ltr'>Captos</span> <span class='ocrx_word' id='word_1_83' title='bbox 627 4153 802 4228; x_wconf 86' lang='lat' dir='ltr'>illecebris</span> <span class='ocrx_word' id='word_1_84' title='bbox 825 4154 915 4229; x_wconf 84' lang='lat' dir='ltr'>fecit</span> <span class='ocrx_word' id='word_1_85' title='bbox 929 4174 1035 4250; x_wconf 83' lang='lat' dir='ltr'>egere</span> <span class='ocrx_word' id='word_1_86' title='bbox 1061 4155 1173 4236; x_wconf 85' lang='lat' dir='ltr'>viros.</span> 
     </span>
    </p>

    <p class='ocr_par' dir='ltr' id='par_1_13' title="bbox 411 4259 1360 4497">
     <span class='ocr_line' id='line_1_19' title="bbox 411 4259 1360 4390; baseline 0.003 -36"><span class='ocrx_word' id='word_1_87' title='bbox 411 4281 522 4383; x_wconf 88' lang='lat' dir='ltr'>Queis</span> <span class='ocrx_word' id='word_1_88' title='bbox 546 4277 645 4354; x_wconf 89' lang='lat' dir='ltr'>srmul</span> <span class='ocrx_word' id='word_1_89' title='bbox 666 4277 838 4351; x_wconf 84' lang='lat' dir='ltr'>humanae</span> <span class='ocrx_word' id='word_1_90' title='bbox 862 4276 1009 4390; x_wconf 79' lang='lat' dir='ltr'>rationis</span> <span class='ocrx_word' id='word_1_91' title='bbox 1033 4259 1211 4353; x_wconf 78' lang='lat' dir='ltr'>ademerat</span> <span class='ocrx_word' id='word_1_92' title='bbox 1236 4282 1360 4376; x_wconf 88' lang='lat' dir='ltr'>usum,</span> 
     </span>
     <span class='ocr_line' id='line_1_20' title="bbox 460 4399 1279 4497; baseline -0.005 -17"><span class='ocrx_word' id='word_1_93' title='bbox 460 4403 634 4480; x_wconf 87' lang='lat' dir='ltr'>Omnibus</span> <span class='ocrx_word' id='word_1_94' title='bbox 657 4415 814 4492; x_wconf 84' lang='lat' dir='ltr'>exutos,</span> <span class='ocrx_word' id='word_1_95' title='bbox 841 4418 932 4497; x_wconf 82' lang='lat' dir='ltr'>quae</span> <span class='ocrx_word' id='word_1_96' title='bbox 950 4413 1125 4492; x_wconf 88' lang='lat' dir='ltr'>tenuere,</span> <span class='ocrx_word' id='word_1_97' title='bbox 1147 4399 1279 4495; x_wconf 88' lang='lat' dir='ltr'>bonis,</span> 
     </span>
    </p>

    <p class='ocr_par' dir='ltr' id='par_1_14' title="bbox 407 4523 1462 4746">
     <span class='ocr_line' id='line_1_21' title="bbox 407 4523 1462 4625; baseline 0.002 -17"><span class='ocrx_word' id='word_1_98' title='bbox 407 4532 504 4608; x_wconf 84' lang='lat' dir='ltr'>Intra</span> <span class='ocrx_word' id='word_1_99' title='bbox 527 4529 625 4623; x_wconf 84' lang='lat' dir='ltr'>septa</span> <span class='ocrx_word' id='word_1_100' title='bbox 647 4524 795 4618; x_wconf 83' lang='lat' dir='ltr'>domus,</span> <span class='ocrx_word' id='word_1_101' title='bbox 818 4523 999 4620; x_wconf 86' lang='lat' dir='ltr'>pecudum</span> <span class='ocrx_word' id='word_1_102' title='bbox 1024 4523 1123 4601; x_wconf 89' lang='lat' dir='ltr'>velut</span> <span class='ocrx_word' id='word_1_103' title='bbox 1147 4523 1299 4625; x_wconf 83' lang='lat' dir='ltr'>agmen,</span> <span class='ocrx_word' id='word_1_104' title='bbox 1324 4529 1462 4610; x_wconf 77' lang='lat' dir='ltr'>alebatz</span> 
     </span>
     <span class='ocr_line' id='line_1_22' title="bbox 458 4650 1211 4746; baseline -0.003 -16"><span class='ocrx_word' id='word_1_105' title='bbox 458 4656 548 4730; x_wconf 91' lang='lat' dir='ltr'>Non</span> <span class='ocrx_word' id='word_1_106' title='bbox 573 4650 685 4728; x_wconf 88' lang='lat' dir='ltr'>Ithaci</span> <span class='ocrx_word' id='word_1_107' title='bbox 710 4651 789 4725; x_wconf 89' lang='lat' dir='ltr'>talis</span> <span class='ocrx_word' id='word_1_108' title='bbox 814 4651 966 4746; x_wconf 71' lang='lat' dir='ltr'>pedore</span> <span class='ocrx_word' id='word_1_109' title='bbox 988 4651 1078 4727; x_wconf 88' lang='lat' dir='ltr'>sedit</span> <span class='ocrx_word' id='word_1_110' title='bbox 1101 4671 1211 4729; x_wconf 87' lang='lat' dir='ltr'>amor.</span> 
     </span>
    </p>

    <p class='ocr_par' dir='ltr' id='par_1_15' title="bbox 409 4776 1378 5004">
     <span class='ocr_line' id='line_1_23' title="bbox 409 4776 1335 4875; baseline 0.001 -18"><span class='ocrx_word' id='word_1_111' title='bbox 409 4778 483 4857; x_wconf 90' lang='lat' dir='ltr'>Cui</span> <span class='ocrx_word' id='word_1_112' title='bbox 506 4799 574 4875; x_wconf 89' lang='lat' dir='ltr'>pro</span> <span class='ocrx_word' id='word_1_113' title='bbox 601 4776 787 4852; x_wconf 88' lang='lat' dir='ltr'>Mercurio</span> <span class='ocrx_word' id='word_1_114' title='bbox 811 4777 874 4853; x_wconf 78' lang='lat' dir='ltr'>stre</span> <span class='ocrx_word' id='word_1_115' title='bbox 899 4799 998 4855; x_wconf 86' lang='lat' dir='ltr'>mens</span> <span class='ocrx_word' id='word_1_116' title='bbox 1022 4778 1209 4875; x_wconf 85' lang='lat' dir='ltr'>prudentia</span> <span class='ocrx_word' id='word_1_117' title='bbox 1230 4778 1335 4858; x_wconf 47' lang='lat' dir='ltr'>stass*</span> 
     </span>
     <span class='ocr_line' id='line_1_24' title="bbox 456 4903 1378 5004; baseline 0.002 -22"><span class='ocrx_word' id='word_1_118' title='bbox 456 4903 624 4982; x_wconf 87' lang='lat' dir='ltr'>Tradidit</span> <span class='ocrx_word' id='word_1_119' title='bbox 643 4904 683 4980; x_wconf 92' lang='lat' dir='ltr'>in</span> <span class='ocrx_word' id='word_1_120' title='bbox 705 4903 878 5001; x_wconf 87' lang='lat' dir='ltr'>magicum</span> <span class='ocrx_word' id='word_1_121' title='bbox 901 4903 973 4982; x_wconf 80' lang='lat' dir='ltr'>fida</span> <span class='ocrx_word' id='word_1_122' title='bbox 996 4903 1218 4984; x_wconf 84' lang='lat' dir='ltr'>veneficium.</span> <span class='ocrx_word' id='word_1_123' title='bbox 1372 4987 1378 5004; x_wconf 64' lang='grc'><strong><em>,</em></strong></span> 
     </span>
    </p>
   </div>
   <div class='ocr_carea' id='block_1_11' title="bbox 0 0 2410 6034">
    <p class='ocr_par' dir='ltr' id='par_1_16' title="bbox 0 0 2410 6034">
     <span class='ocr_line' id='line_1_25' title="bbox 0 0 2410 6034; baseline 0 0"><span class='ocrx_word' id='word_1_124' title='bbox 0 0 2410 6034; x_wconf 95' lang='lat' dir='ltr'> </span> 
     </span>
    </p>
   </div>
  </div>
 </body>
</html>
