<?xml version="1.0" encoding="UTF-8"?>
<!DOCTYPE html PUBLIC "-//W3C//DTD XHTML 1.0 Transitional//EN"
    "http://www.w3.org/TR/xhtml1/DTD/xhtml1-transitional.dtd">
<html xmlns="http://www.w3.org/1999/xhtml" xml:lang="en" lang="en">
 <head>
  <title>
</title>
<meta http-equiv="Content-Type" content="text/html;charset=utf-8" />
  <meta name='ocr-system' content='tesseract 3.04.00' />
  <meta name='ocr-capabilities' content='ocr_page ocr_carea ocr_par ocr_line ocrx_word'/>
</head>
<body>
  <div class='ocr_page' id='page_1' title='image "./anthologiagraec02saumgoog_0024.png"; bbox 0 0 4809 6034; ppageno 0'>
   <div class='ocr_carea' id='block_1_1' title="bbox 686 520 1734 616">
    <p class='ocr_par' dir='ltr' id='par_1_1' title="bbox 686 520 1734 616">
     <span class='ocr_line' id='line_1_1' title="bbox 686 520 1734 616; baseline 0.023 -24"><span class='ocrx_word' id='word_1_1' title='bbox 686 537 756 593; x_wconf 79' lang='lat' dir='ltr'>xva</span> <span class='ocrx_word' id='word_1_2' title='bbox 977 520 1734 616; x_wconf 76' lang='lat' dir='ltr'><strong>HUGONISGROTII</strong></span> 
     </span>
    </p>
   </div>
   <div class='ocr_carea' id='block_1_2' title="bbox 679 696 2091 1620">
    <p class='ocr_par' dir='ltr' id='par_1_2' title="bbox 679 696 2091 1620">
     <span class='ocr_line' id='line_1_2' title="bbox 686 696 2041 840; baseline 0.031 -57"><span class='ocrx_word' id='word_1_3' title='bbox 686 731 766 785; x_wconf 88' lang='lat' dir='ltr'>cum</span> <span class='ocrx_word' id='word_1_4' title='bbox 789 713 910 791; x_wconf 88' lang='lat' dir='ltr'>liberis</span> <span class='ocrx_word' id='word_1_5' title='bbox 929 721 1085 837; x_wconf 83' lang='lat' dir='ltr'>moriens</span> <span class='ocrx_word' id='word_1_6' title='bbox 1104 722 1239 817; x_wconf 84' lang='lat' dir='ltr'>Niobe.</span> <span class='ocrx_word' id='word_1_7' title='bbox 1288 726 1430 804; x_wconf 86' lang='lat' dir='ltr'>Horum</span> <span class='ocrx_word' id='word_1_8' title='bbox 1448 734 1606 813; x_wconf 86' lang='lat' dir='ltr'>omnium</span> <span class='ocrx_word' id='word_1_9' title='bbox 1615 696 1730 812; x_wconf 81' lang='lat' dir='ltr'>index</span> <span class='ocrx_word' id='word_1_10' title='bbox 1755 736 1860 817; x_wconf 81' lang='lat' dir='ltr'>nubis</span> <span class='ocrx_word' id='word_1_11' title='bbox 1883 743 2041 840; x_wconf 80' lang='lat' dir='ltr'>Plinius,</span> 
     </span>
     <span class='ocr_line' id='line_1_3' title="bbox 686 860 2091 998; baseline 0.031 -61"><span class='ocrx_word' id='word_1_12' title='bbox 686 868 749 961; x_wconf 87' lang='lat' dir='ltr'>qui</span> <span class='ocrx_word' id='word_1_13' title='bbox 774 868 812 942; x_wconf 83' lang='lat' dir='ltr'>dr</span> <span class='ocrx_word' id='word_1_14' title='bbox 850 872 1092 955; x_wconf 87' lang='lat' dir='ltr'>Laocoontem</span> <span class='ocrx_word' id='word_1_15' title='bbox 1118 898 1289 958; x_wconf 87' lang='lat' dir='ltr'>memorat</span> <span class='ocrx_word' id='word_1_16' title='bbox 1313 906 1395 960; x_wconf 87' lang='lat' dir='ltr'>corn</span> <span class='ocrx_word' id='word_1_17' title='bbox 1419 889 1540 966; x_wconf 88' lang='lat' dir='ltr'>liberis</span> <span class='ocrx_word' id='word_1_18' title='bbox 1576 891 1614 966; x_wconf 80' lang='lat' dir='ltr'>dc</span> <span class='ocrx_word' id='word_1_19' title='bbox 1649 894 1843 975; x_wconf 75' lang='lat' dir='ltr'><strong>draconum</strong></span> <span class='ocrx_word' id='word_1_20' title='bbox 1874 904 2041 998; x_wconf 85' lang='lat' dir='ltr'>mirandis</span> <span class='ocrx_word' id='word_1_21' title='bbox 2083 860 2091 864; x_wconf 14' lang='grc' dir='ltr'>ὁ</span> 
     </span>
     <span class='ocr_line' id='line_1_4' title="bbox 684 1023 2039 1165; baseline 0.034 -70"><span class='ocrx_word' id='word_1_22' title='bbox 684 1023 836 1100; x_wconf 74' lang='lat' dir='ltr'>neribus</span> <span class='ocrx_word' id='word_1_23' title='bbox 861 1049 1007 1131; x_wconf 85' lang='lat' dir='ltr'>unoex</span> <span class='ocrx_word' id='word_1_24' title='bbox 1030 1035 1147 1131; x_wconf 90' lang='lat' dir='ltr'>lapide</span> <span class='ocrx_word' id='word_1_25' title='bbox 1180 1038 1219 1112; x_wconf 82' lang='lat' dir='ltr'>tic</span> <span class='ocrx_word' id='word_1_26' title='bbox 1253 1062 1299 1115; x_wconf 88' lang='lat' dir='ltr'>ex</span> <span class='ocrx_word' id='word_1_27' title='bbox 1329 1045 1471 1138; x_wconf 79' lang='lat' dir='ltr'>copario</span> <span class='ocrx_word' id='word_1_28' title='bbox 1509 1049 1677 1165; x_wconf 70' lang='lat' dir='ltr'>Arsinois</span> <span class='ocrx_word' id='word_1_29' title='bbox 1704 1053 1861 1133; x_wconf 85' lang='lat' dir='ltr'>statuam.</span> <span class='ocrx_word' id='word_1_30' title='bbox 1912 1062 2039 1141; x_wconf 85' lang='lat' dir='ltr'>Mores</span> 
     </span>
     <span class='ocr_line' id='line_1_5' title="bbox 682 1182 2039 1305; baseline 0.032 -53"><span class='ocrx_word' id='word_1_31' title='bbox 682 1202 750 1274; x_wconf 91' lang='lat' dir='ltr'>pro</span> <span class='ocrx_word' id='word_1_32' title='bbox 774 1182 917 1262; x_wconf 87' lang='lat' dir='ltr'>saeculis</span> <span class='ocrx_word' id='word_1_33' title='bbox 941 1191 1101 1288; x_wconf 87' lang='lat' dir='ltr'>locisque</span> <span class='ocrx_word' id='word_1_34' title='bbox 1126 1198 1246 1273; x_wconf 87' lang='lat' dir='ltr'>varios</span> <span class='ocrx_word' id='word_1_35' title='bbox 1284 1204 1404 1292; x_wconf 84' lang='lat' dir='ltr'>nolle,</span> <span class='ocrx_word' id='word_1_36' title='bbox 1430 1221 1530 1279; x_wconf 84' lang='lat' dir='ltr'>tanta</span> <span class='ocrx_word' id='word_1_37' title='bbox 1556 1207 1721 1303; x_wconf 86' lang='lat' dir='ltr'>voluptas</span> <span class='ocrx_word' id='word_1_38' title='bbox 1746 1212 1822 1305; x_wconf 88' lang='lat' dir='ltr'>est,</span> <span class='ocrx_word' id='word_1_39' title='bbox 1848 1232 1888 1290; x_wconf 93' lang='lat' dir='ltr'>ut</span> <span class='ocrx_word' id='word_1_40' title='bbox 1909 1240 1949 1291; x_wconf 90' lang='lat' dir='ltr'>ea</span> <span class='ocrx_word' id='word_1_41' title='bbox 1978 1219 2039 1295; x_wconf 92' lang='lat' dir='ltr'>de·</span> 
     </span>
     <span class='ocr_line' id='line_1_6' title="bbox 680 1334 2038 1467; baseline 0.032 -55"><span class='ocrx_word' id='word_1_42' title='bbox 680 1334 775 1413; x_wconf 85' lang='lat' dir='ltr'>liniti</span> <span class='ocrx_word' id='word_1_43' title='bbox 800 1362 874 1416; x_wconf 93' lang='lat' dir='ltr'>non</span> <span class='ocrx_word' id='word_1_44' title='bbox 894 1346 996 1438; x_wconf 90' lang='lat' dir='ltr'>pauci</span> <span class='ocrx_word' id='word_1_45' title='bbox 1018 1347 1086 1421; x_wconf 86' lang='lat' dir='ltr'>alia</span> <span class='ocrx_word' id='word_1_46' title='bbox 1101 1350 1238 1443; x_wconf 75' lang='lat' dir='ltr'>ibidia,</span> <span class='ocrx_word' id='word_1_47' title='bbox 1263 1355 1301 1429; x_wconf 89' lang='lat' dir='ltr'>in</span> <span class='ocrx_word' id='word_1_48' title='bbox 1324 1379 1510 1436; x_wconf 86' lang='lat' dir='ltr'>commune</span> <span class='ocrx_word' id='word_1_49' title='bbox 1528 1363 1693 1457; x_wconf 78' lang='lat' dir='ltr'>utiliora,</span> <span class='ocrx_word' id='word_1_50' title='bbox 1711 1369 1906 1467; x_wconf 79' lang='lat' dir='ltr'>negligant.</span> <span class='ocrx_word' id='word_1_51' title='bbox 1956 1378 2038 1454; x_wconf 87' lang='lat' dir='ltr'>Me·</span> 
     </span>
     <span class='ocr_line' id='line_1_7' title="bbox 679 1454 2037 1620; baseline 0.035 -55"><span class='ocrx_word' id='word_1_52' title='bbox 679 1454 750 1569; x_wconf 63' lang='lat' dir='ltr'>iius</span> <span class='ocrx_word' id='word_1_53' title='bbox 774 1495 838 1592; x_wconf 90' lang='lat' dir='ltr'>qui</span> <span class='ocrx_word' id='word_1_54' title='bbox 870 1500 1064 1575; x_wconf 84' lang='lat' dir='ltr'>austeriora</span> <span class='ocrx_word' id='word_1_55' title='bbox 1096 1505 1151 1581; x_wconf 88' lang='lat' dir='ltr'>his</span> <span class='ocrx_word' id='word_1_56' title='bbox 1187 1509 1411 1587; x_wconf 85' lang='lat' dir='ltr'>suavioribus</span> <span class='ocrx_word' id='word_1_57' title='bbox 1434 1519 1619 1596; x_wconf 75' lang='lat' dir='ltr'>condunt</span> <span class='ocrx_word' id='word_1_58' title='bbox 1635 1571 1650 1611; x_wconf 92' lang='lat'>,</span> <span class='ocrx_word' id='word_1_59' title='bbox 1689 1523 1876 1620; x_wconf 83' lang='lat' dir='ltr'>obiterque</span> <span class='ocrx_word' id='word_1_60' title='bbox 1910 1548 2037 1612; x_wconf 83' lang='lat' dir='ltr'>notant</span> 
     </span>
    </p>
   </div>
   <div class='ocr_carea' id='block_1_3' title="bbox 621 1646 2132 3958">
    <p class='ocr_par' dir='ltr' id='par_1_3' title="bbox 621 1646 2132 3958">
     <span class='ocr_line' id='line_1_8' title="bbox 680 1646 2037 1775; baseline 0.032 -54"><span class='ocrx_word' id='word_1_61' title='bbox 680 1646 767 1722; x_wconf 85' lang='lat' dir='ltr'>haec</span> <span class='ocrx_word' id='word_1_62' title='bbox 790 1653 895 1727; x_wconf 87' lang='lat' dir='ltr'>talia:</span> <span class='ocrx_word' id='word_1_63' title='bbox 931 1676 1042 1751; x_wconf 90' lang='lat' dir='ltr'>puta,</span> <span class='ocrx_word' id='word_1_64' title='bbox 1066 1682 1114 1736; x_wconf 88' lang='lat' dir='ltr'>ne</span> <span class='ocrx_word' id='word_1_65' title='bbox 1139 1685 1160 1736; x_wconf 90' lang='lat' dir='ltr'>a</span> <span class='ocrx_word' id='word_1_66' title='bbox 1184 1666 1385 1744; x_wconf 88' lang='lat' dir='ltr'>nostrorum</span> <span class='ocrx_word' id='word_1_67' title='bbox 1410 1652 1709 1769; x_wconf 83' lang='lat' dir='ltr'>Epigrammatum</span> <span class='ocrx_word' id='word_1_68' title='bbox 1737 1688 2037 1775; x_wconf 75' lang='lat' dir='ltr'>argumentisar-</span> 
     </span>
     <span class='ocr_line' id='line_1_9' title="bbox 678 1811 2107 1941; baseline 0.031 -60"><span class='ocrx_word' id='word_1_69' title='bbox 678 1828 777 1903; x_wconf 88' lang='lat' dir='ltr'>eam,</span> <span class='ocrx_word' id='word_1_70' title='bbox 804 1811 1024 1907; x_wconf 87' lang='lat' dir='ltr'>Thymelicis</span> <span class='ocrx_word' id='word_1_71' title='bbox 1048 1839 1140 1917; x_wconf 88' lang='lat' dir='ltr'>quae</span> <span class='ocrx_word' id='word_1_72' title='bbox 1165 1820 1258 1896; x_wconf 88' lang='lat' dir='ltr'>vitae</span> <span class='ocrx_word' id='word_1_73' title='bbox 1275 1822 1419 1900; x_wconf 86' lang='lat' dir='ltr'>licentia</span> <span class='ocrx_word' id='word_1_74' title='bbox 1437 1826 1545 1904; x_wconf 87' lang='lat' dir='ltr'>fuerit</span> <span class='ocrx_word' id='word_1_75' title='bbox 1564 1854 1613 1908; x_wconf 83' lang='lat' dir='ltr'>ex</span> <span class='ocrx_word' id='word_1_76' title='bbox 1632 1830 1769 1909; x_wconf 89' lang='lat' dir='ltr'>Codice</span> <span class='ocrx_word' id='word_1_77' title='bbox 1788 1836 2035 1941; x_wconf 83' lang='lat' dir='ltr'>Juliinianeo&#39;,</span> <span class='ocrx_word' id='word_1_78' title='bbox 2100 1864 2107 1875; x_wconf 85' lang='grc'><strong><em>·</em></strong></span> 
     </span>
     <span class='ocr_line' id='line_1_10' title="bbox 680 1966 2036 2083; baseline 0.028 -43"><span class='ocrx_word' id='word_1_79' title='bbox 680 1966 716 2041; x_wconf 84' lang='grc' dir='ltr'><strong>Τ</strong></span> <span class='ocrx_word' id='word_1_80' title='bbox 718 1968 806 2043; x_wconf 91' lang='lat' dir='ltr'>itulo</span> <span class='ocrx_word' id='word_1_81' title='bbox 830 1969 874 2045; x_wconf 89' lang='lat' dir='ltr'>de</span> <span class='ocrx_word' id='word_1_82' title='bbox 893 1971 1139 2071; x_wconf 74' lang='lat' dir='ltr'>spectaculis,</span> <span class='ocrx_word' id='word_1_83' title='bbox 1165 1978 1205 2053; x_wconf 82' lang='lat' dir='ltr'>dc</span> <span class='ocrx_word' id='word_1_84' title='bbox 1219 1982 1335 2057; x_wconf 89' lang='lat' dir='ltr'>altero</span> <span class='ocrx_word' id='word_1_85' title='bbox 1361 1984 1406 2057; x_wconf 89' lang='lat' dir='ltr'>de</span> <span class='ocrx_word' id='word_1_86' title='bbox 1432 1985 1637 2083; x_wconf 83' lang='lat' dir='ltr'>Episcopali</span> <span class='ocrx_word' id='word_1_87' title='bbox 1660 1990 1851 2068; x_wconf 84' lang='lat' dir='ltr'>audientia.</span> <span class='ocrx_word' id='word_1_88' title='bbox 1902 1998 2036 2076; x_wconf 86' lang='lat' dir='ltr'>Mone-</span> 
     </span>
     <span class='ocr_line' id='line_1_11' title="bbox 676 2125 2033 2250; baseline 0.029 -55"><span class='ocrx_word' id='word_1_89' title='bbox 676 2125 825 2239; x_wconf 87' lang='lat' dir='ltr'>uterium</span> <span class='ocrx_word' id='word_1_90' title='bbox 846 2130 946 2225; x_wconf 93' lang='lat' dir='ltr'>quod</span> <span class='ocrx_word' id='word_1_91' title='bbox 972 2133 1015 2206; x_wconf 90' lang='lat' dir='ltr'>sit</span> <span class='ocrx_word' id='word_1_92' title='bbox 1038 2133 1206 2213; x_wconf 86' lang='lat' dir='ltr'>editionis</span> <span class='ocrx_word' id='word_1_93' title='bbox 1230 2158 1342 2234; x_wconf 85' lang='lat' dir='ltr'>genus</span> <span class='ocrx_word' id='word_1_94' title='bbox 1366 2160 1413 2215; x_wconf 86' lang='lat' dir='ltr'>ex</span> <span class='ocrx_word' id='word_1_95' title='bbox 1439 2140 1597 2217; x_wconf 88' lang='lat' dir='ltr'>Novella</span> <span class='ocrx_word' id='word_1_96' title='bbox 1621 2138 1807 2222; x_wconf 83' lang='lat' dir='ltr'>centefima</span> <span class='ocrx_word' id='word_1_97' title='bbox 1833 2150 1879 2247; x_wconf 28' lang='lat'>&amp;¹</span> <span class='ocrx_word' id='word_1_98' title='bbox 1896 2156 2033 2250; x_wconf 63' lang='lat' dir='ltr'>quinta,</span> 
     </span>
     <span class='ocr_line' id='line_1_12' title="bbox 678 2255 2035 2403; baseline 0.027 -49"><span class='ocrx_word' id='word_1_99' title='bbox 678 2279 798 2356; x_wconf 74' lang='lat' dir='ltr'>sabla</span> <span class='ocrx_word' id='word_1_100' title='bbox 818 2287 1027 2381; x_wconf 84' lang='lat' dir='ltr'>alveolum,</span> <span class='ocrx_word' id='word_1_101' title='bbox 1051 2292 1088 2367; x_wconf 90' lang='lat' dir='ltr'>in</span> <span class='ocrx_word' id='word_1_102' title='bbox 1112 2315 1188 2389; x_wconf 92' lang='lat' dir='ltr'>quo</span> <span class='ocrx_word' id='word_1_103' title='bbox 1215 2255 1289 2367; x_wconf 83' lang='lat' dir='ltr'>alea</span> <span class='ocrx_word' id='word_1_104' title='bbox 1303 2283 1461 2387; x_wconf 82' lang='lat' dir='ltr'>luditur,</span> <span class='ocrx_word' id='word_1_105' title='bbox 1487 2298 1695 2394; x_wconf 85' lang='lat' dir='ltr'>significari,</span> <span class='ocrx_word' id='word_1_106' title='bbox 1718 2324 1764 2379; x_wconf 86' lang='lat' dir='ltr'>ex</span> <span class='ocrx_word' id='word_1_107' title='bbox 1790 2305 1923 2403; x_wconf 83' lang='lat' dir='ltr'>Suida‚</span> <span class='ocrx_word' id='word_1_108' title='bbox 1947 2314 2035 2389; x_wconf 88' lang='lat' dir='ltr'>Mo·</span> 
     </span>
     <span class='ocr_line' id='line_1_13' title="bbox 675 2437 2033 2566; baseline 0.027 -55"><span class='ocrx_word' id='word_1_109' title='bbox 675 2437 872 2537; x_wconf 83' lang='lat' dir='ltr'>sehopulo,</span> <span class='ocrx_word' id='word_1_110' title='bbox 897 2446 990 2523; x_wconf 80' lang='lat' dir='ltr'>aliis.</span> <span class='ocrx_word' id='word_1_111' title='bbox 1019 2446 1232 2544; x_wconf 87' lang='lat' dir='ltr'>Diploidem</span> <span class='ocrx_word' id='word_1_112' title='bbox 1255 2453 1291 2528; x_wconf 90' lang='lat' dir='ltr'>in</span> <span class='ocrx_word' id='word_1_113' title='bbox 1311 2453 1532 2548; x_wconf 83' lang='lat' dir='ltr'>Cynicorum</span> <span class='ocrx_word' id='word_1_114' title='bbox 1555 2455 1680 2533; x_wconf 91' lang='lat' dir='ltr'>habitu</span> <span class='ocrx_word' id='word_1_115' title='bbox 1700 2458 1921 2558; x_wconf 84' lang='lat' dir='ltr'>frequentem</span> <span class='ocrx_word' id='word_1_116' title='bbox 1942 2476 2033 2566; x_wconf 85' lang='lat' dir='ltr'>else,</span> 
     </span>
     <span class='ocr_line' id='line_1_14' title="bbox 674 2586 2033 2704; baseline 0.026 -36"><span class='ocrx_word' id='word_1_117' title='bbox 674 2586 779 2691; x_wconf 82' lang='lat' dir='ltr'>quem</span> <span class='ocrx_word' id='word_1_118' title='bbox 805 2599 983 2696; x_wconf 86' lang='lat' dir='ltr'>duplicem</span> <span class='ocrx_word' id='word_1_119' title='bbox 1001 2625 1160 2698; x_wconf 87' lang='lat' dir='ltr'>pannum</span> <span class='ocrx_word' id='word_1_120' title='bbox 1179 2606 1352 2684; x_wconf 85' lang='lat' dir='ltr'>Horatius</span> <span class='ocrx_word' id='word_1_121' title='bbox 1377 2625 1508 2701; x_wconf 83' lang='lat' dir='ltr'>vocet,</span> <span class='ocrx_word' id='word_1_122' title='bbox 1535 2611 1678 2689; x_wconf 86' lang='lat' dir='ltr'>Servius</span> <span class='ocrx_word' id='word_1_123' title='bbox 1699 2618 1865 2701; x_wconf 84' lang='lat' dir='ltr'>abollam.</span> <span class='ocrx_word' id='word_1_124' title='bbox 1918 2627 2033 2704; x_wconf 83' lang='lat' dir='ltr'>Thes·</span> 
     </span>
     <span class='ocr_line' id='line_1_15' title="bbox 621 2752 2032 2867; baseline 0.022 -38"><span class='ocrx_word' id='word_1_125' title='bbox 621 2768 623 2775; x_wconf 62' lang='lat'>‘</span> <span class='ocrx_word' id='word_1_126' title='bbox 673 2752 824 2831; x_wconf 72' lang='lat' dir='ltr'>solorum</span> <span class='ocrx_word' id='word_1_127' title='bbox 848 2758 1038 2837; x_wconf 82' lang='lat' dir='ltr'>inventum</span> <span class='ocrx_word' id='word_1_128' title='bbox 1060 2782 1157 2859; x_wconf 86' lang='lat' dir='ltr'>equo</span> <span class='ocrx_word' id='word_1_129' title='bbox 1182 2765 1284 2859; x_wconf 81' lang='lat' dir='ltr'>juata</span> <span class='ocrx_word' id='word_1_130' title='bbox 1308 2767 1618 2867; x_wconf 70' lang='lat' dir='ltr'>quadrupedante,</span> <span class='ocrx_word' id='word_1_131' title='bbox 1652 2772 1787 2847; x_wconf 90' lang='lat' dir='ltr'>intorta</span> <span class='ocrx_word' id='word_1_132' title='bbox 1816 2797 1929 2855; x_wconf 91' lang='lat' dir='ltr'>cornu</span> <span class='ocrx_word' id='word_1_133' title='bbox 1955 2803 2032 2859; x_wconf 90' lang='lat' dir='ltr'>cer·</span> 
     </span>
     <span class='ocr_line' id='line_1_16' title="bbox 673 2913 2029 3016; baseline 0.021 -29"><span class='ocrx_word' id='word_1_134' title='bbox 673 2913 753 2987; x_wconf 80' lang='lat' dir='ltr'>vice</span> <span class='ocrx_word' id='word_1_135' title='bbox 777 2929 915 2993; x_wconf 85' lang='lat' dir='ltr'>taurum</span> <span class='ocrx_word' id='word_1_136' title='bbox 939 2938 1095 3016; x_wconf 84' lang='lat' dir='ltr'>necare,</span> <span class='ocrx_word' id='word_1_137' title='bbox 1129 2923 1243 3000; x_wconf 87' lang='lat' dir='ltr'>disces</span> <span class='ocrx_word' id='word_1_138' title='bbox 1275 2928 1321 2999; x_wconf 80' lang='lat' dir='ltr'>erc</span> <span class='ocrx_word' id='word_1_139' title='bbox 1345 2925 1462 3001; x_wconf 88' lang='lat' dir='ltr'>Plinio</span> <span class='ocrx_word' id='word_1_140' title='bbox 1489 2926 1527 3001; x_wconf 75' lang='lat' dir='ltr'>du</span> <span class='ocrx_word' id='word_1_141' title='bbox 1554 2926 1731 3005; x_wconf 86' lang='lat' dir='ltr'>Suetonio</span> <span class='ocrx_word' id='word_1_142' title='bbox 1762 2930 1836 3006; x_wconf 88' lang='lat' dir='ltr'>vita</span> <span class='ocrx_word' id='word_1_143' title='bbox 1872 2932 2029 3016; x_wconf 88' lang='lat' dir='ltr'>Claudii.</span> 
     </span>
     <span class='ocr_line' id='line_1_17' title="bbox 675 3069 2029 3187; baseline 0.02 -43"><span class='ocrx_word' id='word_1_144' title='bbox 675 3069 832 3149; x_wconf 79' lang='lat' dir='ltr'>Stadium</span> <span class='ocrx_word' id='word_1_145' title='bbox 852 3078 937 3151; x_wconf 90' lang='lat' dir='ltr'>olim</span> <span class='ocrx_word' id='word_1_146' title='bbox 963 3078 1190 3172; x_wconf 87' lang='lat' dir='ltr'>cursoribus,</span> <span class='ocrx_word' id='word_1_147' title='bbox 1214 3082 1296 3177; x_wconf 88' lang='lat' dir='ltr'>post</span> <span class='ocrx_word' id='word_1_148' title='bbox 1323 3081 1428 3155; x_wconf 85' lang='lat' dir='ltr'>etiarn</span> <span class='ocrx_word' id='word_1_149' title='bbox 1455 3083 1710 3181; x_wconf 83' lang='lat' dir='ltr'>gladiatoribus</span> <span class='ocrx_word' id='word_1_150' title='bbox 1739 3089 1890 3187; x_wconf 85' lang='lat' dir='ltr'>aliisque</span> <span class='ocrx_word' id='word_1_151' title='bbox 1908 3091 2029 3171; x_wconf 89' lang='lat' dir='ltr'>datum</span> 
     </span>
     <span class='ocr_line' id='line_1_18' title="bbox 671 3231 2030 3340; baseline 0.017 -37"><span class='ocrx_word' id='word_1_152' title='bbox 671 3248 717 3305; x_wconf 82' lang='lat' dir='ltr'>ex</span> <span class='ocrx_word' id='word_1_153' title='bbox 759 3231 940 3330; x_wconf 88' lang='lat' dir='ltr'>Procopio</span> <span class='ocrx_word' id='word_1_154' title='bbox 988 3236 1229 3313; x_wconf 87' lang='lat' dir='ltr'>Gothicorum</span> <span class='ocrx_word' id='word_1_155' title='bbox 1261 3238 1426 3317; x_wconf 90' lang='lat' dir='ltr'>secundo.</span> <span class='ocrx_word' id='word_1_156' title='bbox 1478 3242 1538 3320; x_wconf 80' lang='lat' dir='ltr'>Ex</span> <span class='ocrx_word' id='word_1_157' title='bbox 1571 3244 1690 3339; x_wconf 85' lang='lat' dir='ltr'>parvis</span> <span class='ocrx_word' id='word_1_158' title='bbox 1729 3246 1860 3340; x_wconf 88' lang='lat' dir='ltr'>lapillis</span> <span class='ocrx_word' id='word_1_159' title='bbox 1897 3250 2030 3327; x_wconf 87' lang='lat' dir='ltr'>colotis</span> 
     </span>
     <span class='ocr_line' id='line_1_19' title="bbox 672 3390 2026 3499; baseline 0.016 -39"><span class='ocrx_word' id='word_1_160' title='bbox 672 3390 761 3462; x_wconf 87' lang='lat' dir='ltr'>varii</span> <span class='ocrx_word' id='word_1_161' title='bbox 784 3395 930 3470; x_wconf 82' lang='lat' dir='ltr'>contexi</span> <span class='ocrx_word' id='word_1_162' title='bbox 952 3394 1121 3493; x_wconf 85' lang='lat' dir='ltr'>imagines</span> <span class='ocrx_word' id='word_1_163' title='bbox 1144 3396 1299 3489; x_wconf 89' lang='lat' dir='ltr'>solitas,</span> <span class='ocrx_word' id='word_1_164' title='bbox 1340 3421 1386 3473; x_wconf 84' lang='lat' dir='ltr'>ex</span> <span class='ocrx_word' id='word_1_165' title='bbox 1412 3398 1538 3474; x_wconf 89' lang='lat' dir='ltr'>eodem</span> <span class='ocrx_word' id='word_1_166' title='bbox 1562 3401 1743 3496; x_wconf 86' lang='lat' dir='ltr'>Procopio</span> <span class='ocrx_word' id='word_1_167' title='bbox 1772 3401 1823 3475; x_wconf 82' lang='lat' dir='ltr'>de</span> <span class='ocrx_word' id='word_1_168' title='bbox 1856 3405 2026 3499; x_wconf 83' lang='lat' dir='ltr'>operibus</span> 
     </span>
     <span class='ocr_line' id='line_1_20' title="bbox 670 3541 2027 3649; baseline 0.015 -31"><span class='ocrx_word' id='word_1_169' title='bbox 670 3541 709 3618; x_wconf 78' lang='lat' dir='ltr'>bt</span> <span class='ocrx_word' id='word_1_170' title='bbox 737 3545 975 3625; x_wconf 84' lang='lat' dir='ltr'>Gothicoruru</span> <span class='ocrx_word' id='word_1_171' title='bbox 999 3554 1162 3649; x_wconf 61' lang='lat' dir='ltr'>prino,</span> <span class='ocrx_word' id='word_1_172' title='bbox 1178 3553 1216 3627; x_wconf 89' lang='lat'>&amp;</span> <span class='ocrx_word' id='word_1_173' title='bbox 1234 3576 1280 3629; x_wconf 87' lang='lat' dir='ltr'>ex</span> <span class='ocrx_word' id='word_1_174' title='bbox 1306 3556 1437 3630; x_wconf 86' lang='lat' dir='ltr'>Niceta</span> <span class='ocrx_word' id='word_1_175' title='bbox 1457 3554 1651 3649; x_wconf 85' lang='lat' dir='ltr'>Choniate,</span> <span class='ocrx_word' id='word_1_176' title='bbox 1677 3576 1753 3633; x_wconf 90' lang='lat' dir='ltr'>tum</span> <span class='ocrx_word' id='word_1_177' title='bbox 1777 3561 1840 3634; x_wconf 92' lang='lat' dir='ltr'>ubi</span> <span class='ocrx_word' id='word_1_178' title='bbox 1859 3582 1915 3637; x_wconf 86' lang='lat' dir='ltr'>res</span> <span class='ocrx_word' id='word_1_179' title='bbox 1939 3564 2027 3639; x_wconf 87' lang='lat' dir='ltr'>Ale·</span> 
     </span>
     <span class='ocr_line' id='line_1_21' title="bbox 669 3700 2026 3806; baseline 0.01 -30"><span class='ocrx_word' id='word_1_180' title='bbox 669 3701 720 3776; x_wconf 86' lang='lat' dir='ltr'>xii</span> <span class='ocrx_word' id='word_1_181' title='bbox 747 3700 949 3799; x_wconf 89' lang='lat' dir='ltr'>Comneni,</span> <span class='ocrx_word' id='word_1_182' title='bbox 977 3721 1051 3781; x_wconf 84' lang='lat' dir='ltr'>tuan</span> <span class='ocrx_word' id='word_1_183' title='bbox 1076 3708 1139 3782; x_wconf 90' lang='lat' dir='ltr'>ubi</span> <span class='ocrx_word' id='word_1_184' title='bbox 1165 3709 1273 3782; x_wconf 87' lang='lat' dir='ltr'>isaaci</span> <span class='ocrx_word' id='word_1_185' title='bbox 1300 3712 1432 3806; x_wconf 82' lang='lat' dir='ltr'>Angeli</span> <span class='ocrx_word' id='word_1_186' title='bbox 1461 3726 1661 3786; x_wconf 86' lang='lat' dir='ltr'>narrantur.</span> <span class='ocrx_word' id='word_1_187' title='bbox 1713 3715 1785 3789; x_wconf 88' lang='lat' dir='ltr'>Die</span> <span class='ocrx_word' id='word_1_188' title='bbox 1808 3715 1915 3801; x_wconf 89' lang='lat' dir='ltr'>natali</span> <span class='ocrx_word' id='word_1_189' title='bbox 1948 3717 2026 3789; x_wconf 86' lang='lat' dir='ltr'>bar·</span> 
     </span>
     <span class='ocr_line' id='line_1_22' title="bbox 668 3852 2132 3958; baseline 0.007 -22"><span class='ocrx_word' id='word_1_190' title='bbox 668 3860 747 3936; x_wconf 89' lang='lat' dir='ltr'>bam</span> <span class='ocrx_word' id='word_1_191' title='bbox 773 3860 924 3956; x_wconf 91' lang='lat' dir='ltr'>primurn</span> <span class='ocrx_word' id='word_1_192' title='bbox 949 3860 1091 3936; x_wconf 89' lang='lat' dir='ltr'>tonderi</span> <span class='ocrx_word' id='word_1_193' title='bbox 1114 3857 1273 3953; x_wconf 86' lang='lat' dir='ltr'>solitam,</span> <span class='ocrx_word' id='word_1_194' title='bbox 1298 3884 1344 3937; x_wconf 84' lang='lat' dir='ltr'>ex</span> <span class='ocrx_word' id='word_1_195' title='bbox 1370 3865 1541 3939; x_wconf 83' lang='lat' dir='ltr'>Martiali.</span> <span class='ocrx_word' id='word_1_196' title='bbox 1593 3868 1705 3943; x_wconf 80' lang='lat' dir='ltr'>Persis</span> <span class='ocrx_word' id='word_1_197' title='bbox 1729 3871 1829 3945; x_wconf 85' lang='lat' dir='ltr'>nesas</span> <span class='ocrx_word' id='word_1_198' title='bbox 1854 3870 2024 3958; x_wconf 88' lang='lat' dir='ltr'>habitum,</span> <span class='ocrx_word' id='word_1_199' title='bbox 2127 3852 2132 3861; x_wconf 15' lang='grc' dir='ltr'><strong>Χ</strong></span> 
     </span>
    </p>
   </div>
   <div class='ocr_carea' id='block_1_4' title="bbox 528 3990 2025 4122">
    <p class='ocr_par' dir='ltr' id='par_1_4' title="bbox 528 3990 2025 4122">
     <span class='ocr_line' id='line_1_23' title="bbox 528 3990 2025 4122; baseline 0.002 -25"><span class='ocrx_word' id='word_1_200' title='bbox 528 4097 531 4102; x_wconf 80' lang='grc'><em>,</em></span> <span class='ocrx_word' id='word_1_201' title='bbox 623 4000 628 4007; x_wconf 48' lang='grc'><strong>’</strong></span> <span class='ocrx_word' id='word_1_202' title='bbox 668 4033 707 4097; x_wconf 82' lang='lat' dir='ltr'>ut</span> <span class='ocrx_word' id='word_1_203' title='bbox 730 4017 871 4115; x_wconf 81' lang='lat' dir='ltr'>ignem,</span> <span class='ocrx_word' id='word_1_204' title='bbox 895 3990 943 4094; x_wconf 82' lang='lat' dir='ltr'>stc</span> <span class='ocrx_word' id='word_1_205' title='bbox 960 4019 997 4093; x_wconf 81' lang='lat' dir='ltr'>dc</span> <span class='ocrx_word' id='word_1_206' title='bbox 1015 4039 1140 4116; x_wconf 87' lang='lat' dir='ltr'>aquas,</span> <span class='ocrx_word' id='word_1_207' title='bbox 1158 4022 1241 4096; x_wconf 91' lang='lat' dir='ltr'>ullis</span> <span class='ocrx_word' id='word_1_208' title='bbox 1256 4021 1519 4116; x_wconf 86' lang='lat' dir='ltr'>impuritatibus</span> <span class='ocrx_word' id='word_1_209' title='bbox 1544 4022 1694 4119; x_wconf 84' lang='lat' dir='ltr'>violate,</span> <span class='ocrx_word' id='word_1_210' title='bbox 1718 4025 1818 4122; x_wconf 92' lang='lat' dir='ltr'>quod</span> <span class='ocrx_word' id='word_1_211' title='bbox 1841 4026 2025 4101; x_wconf 88' lang='lat' dir='ltr'>Dioscuri·</span> 
     </span>
    </p>
   </div>
   <div class='ocr_carea' id='block_1_5' title="bbox 666 4175 2024 4279">
    <p class='ocr_par' dir='ltr' id='par_1_5' title="bbox 666 4175 2024 4279">
     <span class='ocr_line' id='line_1_24' title="bbox 666 4175 2024 4279; baseline 0.006 -30"><span class='ocrx_word' id='word_1_212' title='bbox 666 4175 729 4251; x_wconf 89' lang='lat' dir='ltr'>des</span> <span class='ocrx_word' id='word_1_213' title='bbox 753 4196 923 4254; x_wconf 88' lang='lat' dir='ltr'>memorat</span> <span class='ocrx_word' id='word_1_214' title='bbox 946 4177 983 4251; x_wconf 92' lang='lat' dir='ltr'>in</span> <span class='ocrx_word' id='word_1_215' title='bbox 1009 4176 1201 4275; x_wconf 79' lang='lat' dir='ltr'>Euphratis</span> <span class='ocrx_word' id='word_1_216' title='bbox 1230 4179 1354 4253; x_wconf 86' lang='lat' dir='ltr'>Persae</span> <span class='ocrx_word' id='word_1_217' title='bbox 1389 4180 1608 4275; x_wconf 89' lang='lat' dir='ltr'>Epitaphio,</span> <span class='ocrx_word' id='word_1_218' title='bbox 1635 4181 1742 4257; x_wconf 91' lang='lat' dir='ltr'>habes</span> <span class='ocrx_word' id='word_1_219' title='bbox 1769 4182 1926 4279; x_wconf 85' lang='lat' dir='ltr'>&amp;apud</span> <span class='ocrx_word' id='word_1_220' title='bbox 1952 4182 2024 4257; x_wconf 84' lang='lat' dir='ltr'>Pli-</span> 
     </span>
    </p>
   </div>
   <div class='ocr_carea' id='block_1_6' title="bbox 551 4332 1662 4431">
    <p class='ocr_par' dir='ltr' id='par_1_6' title="bbox 551 4332 1662 4431">
     <span class='ocr_line' id='line_1_25' title="bbox 551 4332 1662 4431; baseline 0.005 -23"><span class='ocrx_word' id='word_1_221' title='bbox 551 4410 562 4431; x_wconf 64' lang='lat'>‚</span> <span class='ocrx_word' id='word_1_222' title='bbox 665 4332 765 4409; x_wconf 87' lang='lat' dir='ltr'>nium</span> <span class='ocrx_word' id='word_1_223' title='bbox 790 4333 967 4425; x_wconf 83' lang='lat' dir='ltr'>Historiae</span> <span class='ocrx_word' id='word_1_224' title='bbox 993 4340 1161 4416; x_wconf 88' lang='lat' dir='ltr'>naturalis</span> <span class='ocrx_word' id='word_1_225' title='bbox 1189 4341 1305 4416; x_wconf 80' lang='lat' dir='ltr'>Lruu.</span> <span class='ocrx_word' id='word_1_226' title='bbox 1332 4340 1457 4416; x_wconf 86' lang='lat' dir='ltr'><strong>XXX.</strong></span> <span class='ocrx_word' id='word_1_227' title='bbox 1486 4338 1585 4416; x_wconf 79' lang='lat' dir='ltr'>Cau.</span> <span class='ocrx_word' id='word_1_228' title='bbox 1614 4339 1662 4413; x_wconf 87' lang='lat' dir='ltr'>IL</span> 
     </span>
    </p>
   </div>
   <div class='ocr_carea' id='block_1_7' title="bbox 665 4489 2043 4752">
    <p class='ocr_par' dir='ltr' id='par_1_7' title="bbox 665 4489 2043 4752">
     <span class='ocr_line' id='line_1_26' title="bbox 712 4489 2019 4594; baseline 0.008 -31"><span class='ocrx_word' id='word_1_229' title='bbox 712 4489 872 4567; x_wconf 82' lang='lat' dir='ltr'>Haecin</span> <span class='ocrx_word' id='word_1_230' title='bbox 899 4497 1102 4591; x_wconf 83' lang='lat' dir='ltr'>exemplum</span> <span class='ocrx_word' id='word_1_231' title='bbox 1126 4515 1261 4574; x_wconf 87' lang='lat' dir='ltr'>tanturn</span> <span class='ocrx_word' id='word_1_232' title='bbox 1286 4501 1453 4594; x_wconf 90' lang='lat' dir='ltr'>protuli,</span> <span class='ocrx_word' id='word_1_233' title='bbox 1493 4512 1534 4572; x_wconf 87' lang='lat' dir='ltr'>ut</span> <span class='ocrx_word' id='word_1_234' title='bbox 1553 4497 1784 4594; x_wconf 22' lang='lat' dir='ltr'>&gt;diligentiam</span> <span class='ocrx_word' id='word_1_235' title='bbox 1816 4497 2019 4573; x_wconf 87' lang='lat' dir='ltr'>excitarem.</span> 
     </span>
     <span class='ocr_line' id='line_1_27' title="bbox 665 4648 2043 4752; baseline 0.001 -28"><span class='ocrx_word' id='word_1_236' title='bbox 665 4648 832 4724; x_wconf 86' lang='lat' dir='ltr'>Omnium</span> <span class='ocrx_word' id='word_1_237' title='bbox 865 4655 1011 4749; x_wconf 83' lang='lat' dir='ltr'>explere</span> <span class='ocrx_word' id='word_1_238' title='bbox 1046 4656 1239 4749; x_wconf 85' lang='lat' dir='ltr'>defideria,</span> <span class='ocrx_word' id='word_1_239' title='bbox 1265 4655 1302 4729; x_wconf 79' lang='lat' dir='ltr'>dt</span> <span class='ocrx_word' id='word_1_240' title='bbox 1325 4655 1534 4730; x_wconf 83' lang='lat' dir='ltr'>abstrusrora</span> <span class='ocrx_word' id='word_1_241' title='bbox 1557 4675 1703 4752; x_wconf 91' lang='lat' dir='ltr'>quoque</span> <span class='ocrx_word' id='word_1_242' title='bbox 1728 4654 1922 4744; x_wconf 84' lang='lat' dir='ltr'>evolvere,</span> <span class='ocrx_word' id='word_1_243' title='bbox 1945 4652 2020 4746; x_wconf 82' lang='lat' dir='ltr'>ejus</span> <span class='ocrx_word' id='word_1_244' title='bbox 2039 4676 2043 4697; x_wconf 65' lang='lat'>,</span> 
     </span>
    </p>
   </div>
   <div class='ocr_carea' id='block_1_8' title="bbox 663 4805 2019 5043">
    <p class='ocr_par' dir='ltr' id='par_1_8' title="bbox 663 4805 2019 5043">
     <span class='ocr_line' id='line_1_28' title="bbox 663 4805 2019 4911; baseline -0.001 -30"><span class='ocrx_word' id='word_1_245' title='bbox 663 4805 735 4898; x_wconf 85' lang='lat' dir='ltr'>lit,</span> <span class='ocrx_word' id='word_1_246' title='bbox 780 4810 841 4885; x_wconf 91' lang='lat' dir='ltr'>cui</span> <span class='ocrx_word' id='word_1_247' title='bbox 874 4810 1021 4905; x_wconf 86' lang='lat' dir='ltr'>plurima</span> <span class='ocrx_word' id='word_1_248' title='bbox 1059 4813 1096 4888; x_wconf 83' lang='lat' dir='ltr'>dt</span> <span class='ocrx_word' id='word_1_249' title='bbox 1128 4814 1248 4911; x_wconf 83' lang='lat' dir='ltr'>legere</span> <span class='ocrx_word' id='word_1_250' title='bbox 1280 4813 1428 4891; x_wconf 84' lang='lat' dir='ltr'>antehac</span> <span class='ocrx_word' id='word_1_251' title='bbox 1462 4816 1642 4893; x_wconf 86' lang='lat' dir='ltr'>vacaverit</span> <span class='ocrx_word' id='word_1_252' title='bbox 1676 4814 1715 4889; x_wconf 76' lang='lat' dir='ltr'>dc</span> <span class='ocrx_word' id='word_1_253' title='bbox 1746 4812 1897 4890; x_wconf 90' lang='lat' dir='ltr'>scribere</span> <span class='ocrx_word' id='word_1_254' title='bbox 1920 4827 2019 4883; x_wconf 90' lang='lat' dir='ltr'>nunc</span> 
     </span>
     <span class='ocr_line' id='line_1_29' title="bbox 1912 4967 2017 5043; baseline 0.019 -2"><span class='ocrx_word' id='word_1_255' title='bbox 1912 4967 2017 5043; x_wconf 87' lang='lat' dir='ltr'>etiam</span> 
     </span>
    </p>
   </div>
   <div class='ocr_carea' id='block_1_9' title="bbox 0 0 2410 6034">
    <p class='ocr_par' dir='ltr' id='par_1_9' title="bbox 0 0 2410 6034">
     <span class='ocr_line' id='line_1_30' title="bbox 0 0 2410 6034; baseline 0 12"><span class='ocrx_word' id='word_1_256' title='bbox 0 0 2410 6034; x_wconf 95' lang='lat' dir='ltr'> </span> 
     </span>
    </p>
   </div>
  </div>
 </body>
</html>
