4809 6034
719 562 1356 714 cruentatorum
1657 652 1711 755 ³⁵

452 861 559 939 Italus
582 853 627 930 ad
652 855 822 933 Rhenum
845 857 998 931 telorum
1024 857 1195 955 grandine
1219 860 1383 955 mersus,

459 1058 461 1061 ,
487 987 650 1087 Jamque
675 985 789 1059 solum
814 983 887 1059 vita
909 983 1098 1063 deficiente
1127 1007 1327 1082 premens,

448 1116 618 1209 Ereptum
644 1109 747 1186 sociis
773 1108 922 1206 aquilam
947 1108 1135 1209 conspexit
1158 1112 1203 1189 ab
1228 1110 1330 1186 hoste
1346 1166 1365 1205 ,,

495 1243 545 1317 Et
571 1237 671 1314 fimul
699 1259 719 1311 e
744 1236 869 1312 mediis
893 1236 1065 1334 stragibus
1093 1239 1243 1329 exsiluit.

448 1369 541 1444 Mox
566 1366 718 1463 aquilam
745 1362 896 1438 ducibus
918 1365 1021 1439 caeso
1049 1381 1193 1463 raptore
1216 1381 1408 1461 reportat,

495 1493 593 1569 Huic
618 1493 685 1567 soli
706 1492 808 1568 licuit
833 1492 1013 1580 vincere,
1046 1489 1130 1565 dum
1155 1492 1340 1586 moritur,

737 1841 1291 1923 XXV1.Itrcnrtn1.
1404 1822 1407 1827 ’

438 2196 498 2272 nd
523 2195 735 2285 tumulum,
766 2193 854 2268 belli
878 2193 1015 2270 fulmen
1040 2213 1115 2289 quo
1137 2192 1303 2302 conditus
1333 2193 1461 2290 Aiax,

362 2388 368 2393 .
481 2325 604 2417 Phryx
630 2322 769 2395 adstans
796 2320 918 2414 coepit
942 2321 1096 2395 carmine
1121 2322 1252 2416 probra
1279 2323 1393 2419 loqui.

433 2449 527 2546 Ajax
543 2471 617 2523 non
636 2459 776 2533 manet,
800 2442 941 2540 inq.uit;
964 2460 1001 2518 at
1019 2445 1080 2518 ille
1097 2446 1271 2519 exclamat
1287 2448 1331 2524 ab
1346 2446 1508 2541 turturis,

478 2578 528 2653 Et
547 2577 653 2653 vivus
675 2568 838 2646 fundum
859 2587 973 2645 morte
990 2592 1131 2647 manere
1152 2572 1291 2667 nequit.

605 2924 804 3003 XXVII.
839 2896 953 3022 Qurtr
982 2921 1195 3033 Acutum
1220 2941 1432 3019 nrxeutr,

787 3049 957 3124 uulnerato
979 3050 1232 3144 Agamemnone.

426 3370 612 3452 Tandem.
639 3370 773 3462 credo,
797 3370 922 3463 vides,
949 3374 1221 3470 Agamemnon,
1247 3369 1336 3470 quid
1355 3390 1431 3445 mea
1446 3384 1574 3467 portet

288 3548 294 3557 ·
419 3499 476 3575 Ira
501 3498 614 3587 mali,
648 3513 821 3593 quantum
845 3498 917 3571 sese
946 3499 1039 3573 fetat
1065 3498 1203 3573 Hedur
1232 3495 1429 3570 inarmis:

425 3624 585 3699 Crimine
613 3622 747 3721 quippe
774 3638 836 3696 tuo
864 3621 1002 3716 Graiae·
1019 3623 1158 3719 periere
1183 3619 1405 3715 phalanges,

420 3755 468 3828 Er
493 3769 528 3826 te
554 3770 646 3848 quae
669 3747 829 3848 sequitur
855 3763 969 3823 morte
993 3748 1046 3823 est
1069 3746 1212 3823 infamia
1238 3745 1356 3840 peior.

421 3881 495 3955 Has
520 3878 648 3951 merito
675 3895 810 3971 poenas
837 3874 898 3947 das
920 3894 989 3968 pro
1015 3872 1240 3950 dementibus
1264 3874 1351 3949 ausis
1371 3924 1390 3965 ,

422 4006 496 4105 Qui
523 4004 617 4079 solus
640 4000 807 4076 Danaum
833 3998 931 4074 credi
948 3999 1070 4073 ,tutela
1096 4000 1256 4075 volebas.

709 4322 937 4399 xxvm.
986 4323 1282 4398 niem.

413 4645 455 4721 lu
476 4631 642 4719 'Danaum
667 4659 776 4720 terras
810 4646 950 4723 Xerxes
978 4668 1000 4721 e
1023 4643 1165 4722 Perside
1195 4641 1335 4735 duxit,

461 4771 511 4845 Et
537 4772 645 4845 Titus
668 4771 808 4867 ingenti
832 4771 936 4847 dusit
960 4773 1004 4846 ab
1031 4772 1142 4847 Italia.

409 4898 475 4982 Ille
497 4896 586 4994 jugo
612 4895 758 4990 cupiens
787 4898 957 4999 Europae
982 4898 1134 4974 subdere
1159 4892 1285 4988 colia,

460 5024 535 5102 tue
560 5022 706 5120 Graium
731 5025 880 5122 cupiens
904 5025 997 5099 colla
1019 5027 1139 5103 levare
1162 5023 1273 5123 jugo.

529 5150 540 5169 “
928 5150 967 5226 E
987 5172 1013 5227 2
1439 5143 1587 5223 XXIX..
1604 5146 1680 5241 lu}
