4809 6034
612 571 1380 694 LIBERSECUQDU&
1602 598 1685 679 rw

734 802 1227 900 ,11.EJusurm,

706 1012 743 1084 in
770 1009 1023 1085 Grammaticum
1049 1010 1303 1086 imrallabilem.

369 1385 378 1394 μ
413 1282 657 1365 Grammaticis
681 1281 743 1378 qui
766 1284 809 1360 fit
834 1283 954 1359 sanum
982 1300 1111 1381 caput,
1135 1284 1191 1361 his
1215 1284 1343 1383 quibus
1367 1280 1453 1359 attia

412 1414 622 1509 Auspicium
645 1408 779 1486 saciant
801 1410 846 1485 lia
871 1411 1011 1507 gravis,
1035 1412 1106 1503 ira,
1128 1411 1263 1487 furor?

751 1675 1247 1760 llLPraanrnnr.

404 1954 631 2031 Grammatici
654 1954 768 2052 stygia
793 1953 911 2028 Momi
935 1951 979 2028 de
1003 1968 1135 2051 gente,
1158 1952 1332 2030 hhrorum

451 2083 666 2173 Telchines,
691 2100 851 2169 vermes,
879 2079 1130 2177 Zenodotique
1154 2099 1282 2174 pecus.

408 2205 616 2280 Callimachi
639 2197 735 2301 legio
760 2204 821 2306 qui
845 2204 950 2276 vobis
974 2223 1070 2275 arma
1094 2204 1292 2295 ministrat,

450 2332 553 2431 Quae
577 2330 699 2404 sedin
723 2327 821 2402 hunc
843 2327 957 2423 ipsum
981 2328 1121 2402 vertitis
1146 2345 1242 2400 arma
1264 2323 1407 2406 ducem.

405 2456 546 2552 Copula
570 2478 664 2555 quos
686 2471 793 2531 vexat
817 2453 957 2545 tenuis,
982 2453 1086 2550 queis
1107 2474 1165 2532 rea
1187 2453 1306 2552 gravis
1330 2451 1406 2547 hit,
1430 2451 1522 2550 frit,

448 2583 639 2684 Dignaque
664 2603 772 2674 cura,
796 2601 902 2656 canes
926 2578 1137 2656 nutrieritne
1164 2577 1344 2675 cyclops.

402 2706 486 2780 Este
511 2711 573 2780 diu
595 2707 734 2782 miseri:
761 2724 837 2779 tum
860 2726 953 2798 quoa
976 2703 1019 2782 fit
1041 2702 1170 2780 rodere
1195 2719 1315 2786 tutum
1425 2733 1435 2754 ·

452 2829 644 2930 Quaerite,
668 2830 721 2906 nil
744 2830 783 2908 in
807 2848 876 2906 nos
900 2825 1018 2903 vestra
1044 2847 1184 2904 venena
1210 2829 1347 2909 valent.

668 3101 1294 3220 IV.Aur1eununa

396 3373 469 3473 Qui
491 3372 606 3445 sentes
630 3371 745 3448 teritis
767 3375 933 3459 vermes,
957 3371 1019 3466 qui
1041 3366 1169 3462 scripta
1193 3371 1335 3444 vetusta

444 3494 654 3585 suffoditis,
678 3494 804 3589 plebea
827 3493 932 3569 anxia
957 3492 1213 3582 Grammatici,

392 3623 527 3698 Vatum
550 3620 706 3715 probra,
729 3619 818 3694 facit
843 3617 929 3692 dum
952 3639 1019 3692 vos
1046 3617 1185 3693 Erinna
1211 3619 1407 3718 superbos,

444 3745 653 3820 Callimachi
671 3743 806 3820 dociles
830 3745 968 3839 semper
991 3745 1090 3819 hiare
1114 3763 1246 3839 canes;

389 3873 572 3949 Musarum
596 3873 751 3964 scabies,
774 3872 897 3968 puetis
920 3871 1029 3966 chaos
1052 3887 1157 3970 atque
1181 3874 1375 3956 tenebraea

438 4000 474 4073 O
500 3998 655 4095 culices,
681 4002 745 4098 qui
766 3998 855 4073 clam
881 3995 1032 4089 roditis,
1055 3998 1106 4073 ite
1130 4000 1276 4094 procul.

724 4267 1215 4348 uphirnnre.

386 4543 462 4620 Vix
486 4540 637 4617 tolerare
661 4562 783 4640 queo,
804 4544 942 4642 gemina
957 4544 1022 4632 sub
1045 4542 1145 4640 peste
1168 4542 1359 4620 laborans:

432 4667 604 4762 Coniuge
629 4669 807 4765 pugnaci,
831 4693 990 4768 paupere
1018 4672 1269 4748 Grammatica.

381 4792 480 4871 Hine
497 4790 586 4865 mala
603 4814 692 4888 quae
706 4795 845 4889 patior,
870 4817 965 4872 mors
980 4797 1061 4874 sunt
1076 4815 1196 4887 mera,
1221 4796 1321 4875 triste
1332 4793 1551 4897 sepulcrum:

432 4916 666 4995 Grammatico
688 4918 830 5000 taudem
853 4945 910 5000 me
934 4938 1052 5003 tamen
1075 4923 1234 5024 expedii,
1555 4921 1557 4930 ’

1554 5046 1649 5132 Non
