4809 6034
610 590 861 675 cruore
910 534 1381 668 racusanus.

757 815 1223 915 IV.EJusorrm.
1306 841 1307 846 Ν

410 1038 617 1137 Pauperiem
640 1041 800 1139 feriunt,
820 1062 895 1118 non
922 1060 1003 1133 me,
1029 1054 1087 1114 tua
1108 1036 1263 1134 probra,
1290 1031 1475 1133 Jovique',

462 1169 501 1245 Si
525 1168 623 1247 foret
638 1167 676 1245 io
695 1169 799 1248 terris
818 1188 984 1266 pauper,
1007 1166 1100 1241 idem
1129 1165 1280 1240 faceres.

785 1390 1226 1487 V.EJusnrrsr.

412 1616 552 1708 Pauper
576 1615 675 1706 sum,
702 1614 787 1713 quid
811 1615 914 1689 tum?
938 1633 1023 1691 uum
1048 1610 1103 1686 vis
1127 1608 1237 1686 odille
1260 1622 1450 1684 nocentem

461 1740 529 1815 Nil
552 1741 646 1817 tibi?
672 1741 807 1817 crimen
831 1737 938 1815 habel
965 1740 1040 1813 sors
1059 1755 1161 1829 mea,
1195 1736 1270 1811 vita
1289 1748 1398 1810 caret.

755 1959 1214 2059 VLEJusnrm

416 2183 561 2278 Optima
586 2202 643 2257 res
671 2181 816 2256 laudest
844 2181 921 2253 odii
950 2180 1161 2253 maledicere
1187 2180 1272 2253 fons
1296 2178 1371 2270 est3
1492 2183 1505 2204 ·

467 2311 635 2384 Attamen
660 2306 788 2383 Actaei
811 2305 926 2380 mellis
947 2303 985 2377 id
1009 2302 1116 2379 instar
1138 2304 1260 2382 habes.

755 2530 860 2608 VII.
897 2529 1250 2625 EJusnrm.

426 2721 562 2799 ecstor
585 2721 663 2797 heri
685 2723 842 2819 ptiirrue
862 2725 985 2799 cellam
1004 2721 1226 2799 conduxerat
1243 2736 1358 2792 amet

469 2852 631 2943 Apparet
652 2849 711 2923 sed
740 2870 838 2925 nunc
867 2869 952 2923 cum·
973 2850 1075 2924 venit
1094 2848 1162 2923 effe
1186 2843 1301 2941 pugil.

421 2972 477 3047 Ut
503 2972 599 3064 dixi,
625 2973 706 3070 quis
731 2976 797 3048 es?
825 2975 921 3051 unde
944 2975 1047 3051 venis
1068 2972 1113 3048 ad
1136 2972 1258 3047 limina
1283 2968 1431 3046 nostra?

472 3098 515 3173 In
531 3118 587 3172 me
612 3098 798 3195 belligeras
823 3099 963 3177 sustulit
983 3102 1045 3176 ssle
1069 3119 1215 3176 manus:

418 3226 570 3320 Absque
596 3243 695 3297 mora
714 3225 816 3321 fugi,
840 3243 1003 3301 metuens
1032 3228 1143 3301 trucis
1166 3222 1319 3318 hospitis
1337 3222 1446 3313 iram,

480 3347 553 3423 Cui
571 3350 705 3443 ptisane
731 3350 829 3423 nulla
856 3352 931 3441 est,
955 3352 1016 3426 sed
1034 3352 1324 3426 furiata‘manus.

427 3476 496 3551 Per
522 3491 558 3548 te
585 3474 766 3549 Pollucem
792 3476 973 3572 pugilem,
998 3498 1064 3571 per
1090 3474 1260 3568 Castora,
1284 3494 1418 3573 perque

473 3601 705 3696 supplicibus
732 3602 898 3694 facilem,
922 3620 958 3677 te
983 3623 1136 3696 precor,
1161 3604 1243 3698 aio,
1268 3603 1412 3700 Jovem.

427 3725 501 3801 Has
526 3727 610 3801 mihi
634 3729 721 3804 tolle
740 3748 877 3805 manus.
905 3729 1011 3803 toties
1028 3748 1212 3825 pugnare,
1239 3727 1420 3805 calendae

478 3853 578 3951 Quot
600 3853 760 3949 venient,
787 3870 905 3930 tecum
931 3876 1005 3932 non
1029 3857 1142 3951 libet,
1168 3855 1372 3933 &nimium
1401 3852 1466 3930 est.

703 4171 1326 4265 rruuuusu

840 4387 909 4474 De
936 4388 1192 4504 Praeparcis.

793 4625 1248 4708 I.Lucrsc11.

437 4814 600 4894 Pulelurn
620 4813 749 4894 Criton
771 4841 847 4896 non
874 4821 1020 4899 olfacit:
1044 4821 1134 4897 aeris
1161 4821 1274 4900 odore

487 4944 707 5044 Languentis
731 4964 831 5023 curat
856 4948 969 5025 taedia
995 4948 1194 5027 ventriculi.

983 5075 1139 5153 Xxxa

1569 583 1675 687 'set
1760 713 1761 720 Ν
1876 615 1881 622 ·
