4809 6034
503 514 520 565 ·’
651 550 1331 638 mururrnuua
1568 545 1711 659 209<

392 780 459 859 Est
484 779 648 861 Tritonis
665 778 737 870 ibi,
760 780 988 878 formosaque
1014 794 1126 856 mater
1153 772 1352 876 Amorum,

443 907 493 982 Et
511 907 636 994 Mars,
658 919 696 991 et
725 906 863 999 patiens
887 905 1245 1004 Amphitryoniades.

389 1032 450 1108 Ex
474 1029 585 1106 temir-
601 1028 662 1127 qui
686 1028 778 1103 celsa
797 1029 864 1104 tulr
886 1030 924 1105 in
949 1029 1059 1105 sidera
1082 1030 1260 1126 tendunt,

441 1157 533 1252 Sper
559 1154 720 1246 Romae,
744 1151 835 1246 Cai,
855 1155 1137 1254 praefidiumque
1163 1173 1257 1234 tuae.

393 1282 470 1358 Det
492 1281 559 1356 tibi
581 1281 681 1357 Mars
699 1280 855 1371 animos,
879 1279 1046 1375 sapientia
1068 1280 1216 1379 pellona
1237 1282 1374 1375 Pallas,

442 1405 574 1482 Robur
596 1419 634 1479 at
655 1400 824 1494 Alcides,
846 1403 1126 1502 coniugiumque
1151 1405 1292 1484 Venus.

546 1670 550 1675 ’
674 1671 1259 1757 HlMuasaucam

392 1944 532 2020 stamus
557 1924 603 2019 iu¹
619 1941 805 2034 humenti,
828 1960 922 2039 mare
945 1961 1047 2040 qoam
1071 1944 1282 2040 perfundit,
1305 1962 1432 2037 uena,

447 2071 498 2145 Et
521 2085 581 2143 rua
603 2067 773 2165 miramur
796 2070 950 2164 templa,
973 2067 1106 2145 marina
1130 2067 1285 2162 Venur3

395 2192 446 2271 Et
468 2192 643 2288 liquidum
667 2192 828 2282 fontem,
854 2195 915 2267 cui
937 2195 1085 2288 plurima
1106 2195 1268 2289 populus
1290 2195 1433 2286 umbra,

448 2316 558 2392 Unde
580 2317 710 2392 bibunt
732 2314 840 2391 labris
863 2316 1029 2392 mollibus
1054 2315 1255 2409 Alcyones.

600 2581 936 2659 Iuliorum
970 2582 1342 2681 Irrrrrnrourr.

679 2816 721 2892 aa
745 2819 864 2893 roam
886 2817 1033 2913 Pomm·
1055 2817 1092 2890 ur
1113 2798 1274 2917 Aemo.

396 3087 528 3169 Viair
558 3086 668 3169 habet
690 3090 889 3185 tumulum,
912 3089 976 3188 qui
999 3089 1152 3189 plurima
1174 3092 1308 3190 templa
1331 3088 1486 3173 tenebat.

665 3409 702 3482 T
742 3407 760 3482 1
800 3408 838 3484 'l’
878 3407 920 3482 U
960 3406 994 3483 L
1033 3409 1073 3484 U
1112 3410 1138 3484 S
1188 3408 1283 3486 LV.

808 3672 877 3760 Dr
903 3671 1147 3785 Nuuffagio.

731 3956 763 4031 1.
794 3952 989 4037 Zozrmr
1019 3958 1230 4038 Tnnrrr.
1384 4066 1387 4069 Ι

239 4325 241 4328 ⁴
401 4225 492 4303 Non
510 4246 580 4323 ego
598 4240 688 4301 tuno
712 4241 872 4321 tantum,
896 4248 974 4327 caum
998 4232 1154 4325 poscunt
1177 4226 1322 4308 horrida
1347 4225 1477 4304 Martis

449 4351 604 4443 Proelia,
628 4350 889 4449 magnanimum
912 4367 1013 4427 tutor
1037 4351 1306 4457 Anaximenen.

399 4477 472 4551 Pro
496 4477 615 4552 tabula
641 4478 791 4571 clypeus
814 4476 917 4551 volvi
942 4475 1097 4575 verique
1119 4492 1325 4571 natantem,

454 4598 551 4691 Cum
576 4600 729 4696 puppim
763 4601 882 4699 pelagi
898 4604 967 4699 jam
992 4604 1171 4680 lacerallet
1196 4603 1335 4698 hyems.
1454 4584 1457 4591 ¹

402 4725 462 4800 Sic
484 4746 553 4823 ego
572 4726 643 4801 lida
666 4727 757 4801 salus
779 4726 927 4804 domino
951 4744 1117 4827 terraque
1141 4730 1330 4827 marique,

448 4849 632 4933 Audacem
654 4852 754 4929 nulla
780 4867 898 4930 morte
922 4854 1041 4950 perire
1065 4855 1153 4931 lino.

868 5014 879 5029 ν
960 4976 1035 5053 Dd
1411 4976 1459 5054 11
1495 4976 1655 5053 Turo-
