4809 6034
601 519 1380 676 ururnsrlcuuous.

658 887 663 898 ,
766 802 1199 901 ILEJusmsnr.
1255 806 1323 852 ²·

404 1066 484 1161 Ipse
508 1083 580 1163 ego
597 1084 668 1160 >pes
691 1084 783 1140 unos
808 1064 890 1140 fiam
912 1063 972 1138 vel
995 1058 1158 1155 dauylus
1182 1060 1336 1155 horum,

453 1192 495 1266 In
518 1193 668 1288 longum
692 1211 786 1288 quos
808 1206 849 1266 tu
874 1188 1045 1278 tendere,
1069 1187 1199 1279 Flore,
1224 1189 1341 1265 soles:

402 1319 456 1398 Ni
479 1318 544 1393 tibi
567 1316 700 1418 detali
722 1317 913 1391 certamine
939 1312 1123 1410 gratulor,
1147 1314 1211 1388 etii

454 1441 659 1540 Contigerit
683 1443 817 1544 meritis
841 1443 940 1546 nulla
962 1459 1097 1518 corona
1120 1440 1205 1516 tuis.¹

407 1571 468 1645 Tu
492 1592 538 1644 ne
563 1568 650 1643 cede
674 1567 797 1657 malis,
823 1567 885 1640 sed
907 1581 1032 1640 contra
1053 1562 1243 1639 audentior
1265 1566 1334 1643 ito.

456 1695 516 1770 Sic
538 1713 626 1792 age:
651 1692 698 1767 lic
720 1693 857 1787 poteris
878 1690 1023 1767 vincere
1048 1689 1109 1765 vel
1132 1688 1344 1767 Dolichum.
1466 1663 1471 1682 ’

634 1965 640 1982 ’
772 1963 1240 2045 HLlucuaua

414 2223 494 2300 Hos
525 2222 648 2318 epicos
669 2219 755 2311 odi,
780 2170 844 2340 qui
868 2218 994 2294 dicunt
1017 2218 1092 2313 infit
1116 2217 1155 2291 dc
1176 2218 1259 2309 olli,
1386 2183 1389 2188 ’

460 2351 585 2426 Focari
609 2365 789 2442 nunquam
815 2365 908 2441 quos
932 2344 1046 2418 aliena
1070 2342 1196 2439 pudet·

1588 591 1670 674 477

410 2476 501 2553 Plus
524 2478 646 2571 elegos
667 2469 798 2562 laudo,
822 2470 1058 2568 nequeenim
1082 2467 1278 2547 subducere
1304 2470 1430 2570 polilm
1568 2537 1574 2546 .

460 2600 617 2674 Nasonis
642 2617 833 2687 numeros,
858 2598 930 2672 five
955 2595 1102 2680 Tibulle
1127 2612 1225 2674 tuos.

414 2726 513 2827 Quin
536 2745 650 2821 pecus
674 2723 828 2797 auritum
850 2722 968 2817 dicar,
992 2723 1018 2798 fi
1042 2722 1189 2800 forfitan
1214 2724 1326 2800 auiim

461 2851 650 2940 Scribere,
676 2849 810 2922 dividua
832 2850 916 2925 colla
939 2866 1069 2947 tegente
1094 2872 1195 2925 coma.

411 2978 471 3053 Illi
497 2977 687 3075 Virgilium
712 2993 782 3052 tam
808 2975 1070 3072 depraedantur
1093 2992 1242 3073 aperte,

461 3102 517 3178 Ut
540 3103 608 3178 fint
632 3103 698 3201 qui
720 3103 894 3197 scribant,
920 3104 1026 3178 Arma
1047 3105 1211 3200 annaque
1233 3128 1328 3188 cane.

749 3376 829 3456 tv.
867 3375 1244 3457 Lucruutr.

414 3637 504 3712 Non
528 3633 737 3726 Phaethon,
758 3634 837 3711 ussit
859 3636 924 3733 qui
949 3635 1094 3711 flammis
1120 3637 1259 3731 omnia,
1283 3659 1360 3716 non
1382 3657 1479 3737 quae

465 3759 594 3835 Omnia
617 3762 814 3838 merserunt
839 3761 1071 3838 Deucalionis
1095 3784 1230 3863 aquae,

314 3979 317 3988 Δ
414 3886 491 3964 Tot
512 3907 664 3981 rapuere
687 3885 806 3980 viros,
831 3888 982 3966 Potamo
1006 3907 1095 3988 quot
1120 3912 1211 3965 voce
1234 3895 1341 3987 poeta
1354 3946 1374 3985 ,

465 4015 540 4086 Aut
563 4012 760 4087 medicante
783 4016 1071 4113 manu‘perdidit
1097 4017 1359 4116 Hermogenes.

248 4161 260 4180 ³
416 4137 597 4215 Hastenus
620 4156 640 4208 a
663 4139 779 4232 primo
803 4142 851 4215 fic
877 4145 961 4217 sunt
984 4147 1074 4217 mala
1099 4164 1272 4240 quattuor
1298 4164 1422 4235 aevo,

331 4301 341 4336 ι
458 4263 687 4359 Deucalion,
709 4265 920 4359 Phaethon,
946 4268 1221 4366 Hermogenes,
1244 4269 1412 4346 Potamo.

773 4540 1216 4638 V.E1usuunt.

418 4794 561 4870 occurs
584 4749 807 4892 numerares
833 4800 987 4895 lyricum
1012 4802 1129 4901 fugin
1154 4823 1268 4897 ocyus
1293 4805 1451 4884 unane
1607 4789 1615 4806 ‘

464 4922 714 5022 Jamveuiens
737 4927 907 5005 modulos
928 4929 1066 5007 adferet
1090 4930 1332 5029 Eutychides.

923 5055 1079 5155 0003

1717 411 1731 456 l

1563 5051 1823 5150 ,oda‘
