4809 6034
540 555 842 669 'rtrum
891 581 1364 668 recurrunt.

387 818 570 898 -Odatum
596 816 699 894 cistas
727 814 1038 915 vigintiquinque
1059 814 1226 913 lyrasque

456 949 574 1024 Biiiex
597 946 734 1041 imponi
755 942 851 1039 juffit
872 942 910 1021 in
935 942 1019 1040 igne
1043 942 1121 1020 stro.

406 1076 466 1152 En
488 1095 608 1151 novur
633 1072 695 1150 iile
720 1068 891 1149 Charonr
916 1066 961 1144 ah
980 1086 1088 1167 quem
1113 1065 1255 1165 sperare
1277 1083 1461 1168 receptum

456 1201 536 1300 Jam
554 1200 683 1292 datur,
707 1192 923 1307 Eutychide.
939 1192 1037 1306 Ditis
1058 1193 1214 1276 habente
1236 1198 1329 1275 loct.

745 1453 1219 1551 VLEJusnnm

399 1712 616 1806 incipimus,
641 1710 667 1787 fi
693 1707 748 1785 via
773 1707 911 1786 alterno
934 1707 1061 1786 ludere
1086 1707 1220 1806 versu,

450 1839 501 1914 Et
523 1836 610 1914 mihi
632 1835 731 1934 quod
751 1849 793 1909 tu
817 1835 894 1924 vis,
913 1832 1138 1927 Heliodore,
1163 1835 1280 1913 lubet.

399 1965 418 2040 Ι
440 1968 533 2040 citus
567 1978 608 2039 ut
631 1962 734 2039 citius
756 1981 895 2057 pereas.
944 1980 1026 2038 narn
1049 1974 1086 2036 te
1110 1962 1222 2059 magis
1244 1962 1326 2061 ipso

441 2091 728 2188 Nugirepertor,
752 2088 886 2182 idest,
913 2087 1132 2166 Heliodorus
1152 2107 1231 2165 ero.

753 2344 1237 2442 VILEJusnnnr.

320 2530 332 2553 ’
365 2537 370 2558 ⁸
396 2573 457 2650 Ne
480 2590 596 2669 puero
621 2568 690 2664 da,
715 2567 865 2661 Marce,
888 2581 979 2662 tun,
1004 2566 1129 2643 sedda
1151 2567 1239 2646 mihi
1261 2566 1442 2669 planetus,

443 2700 501 2776 Ut
524 2698 589 2796 qui
611 2697 671 2771 fim
696 2713 809 2791 puero
828 2709 994 2772 mortuus
1016 2694 1094 2791 ipse
1118 2694 1242 2800 magia.
1411 2711 1431 2719 ’

391 2827 434 2903 In
466 2845 522 2900 me
544 2807 640 2900 nune
663 2822 784 2919 elegos
809 2821 1032 2919 lamentaque
1056 2820 1168 2897 tristia
1193 2823 1330 2920 funde,

443 2953 615 3029 Verfibus
638 2950 797 3034 necisum
826 2950 979 3049 quippe,
1006 2965 1169 3045 cruente,
1193 2952 1294 3045 tuis3

391 3079 558 3177 Namque
579 3093 646 3153 tuo
672 3076 791 3173 patior
812 3096 881 3171 pto
904 3076 1034 3152 funere
1058 3077 1163 3169 talia,
1184 3078 1325 3156 ferrent

439 3207 567 3309 Qualia
596 3203 661 3304 qui
692 3187 847 3279 calamos
878 3202 1078 3302 scriptaque
1102 3219 1181 3282 tota
1206 3220 1350 3285 vorant.

714 3457 1234 3557 VHLEJusnnur.

384 3718 474 3796 Non
500 3736 590 3815 quae
612 3714 795 3802 funestum
818 3712 909 3793 fecit
931 3711 1138 3794 fabricarier
1162 3713 1283 3792 ensem

431 3846 626 3920 Latronum
650 3862 766 3940 nsque
789 3837 881 3916 adeo
905 3840 965 3916 vis
987 3839 1136 3937 inopina
1158 3839 1254 3933 fuit3

385 3972 502 4072 Quam
526 3983 568 4045 tu
594 3988 677 4050 non
694 3967 822 4064 misso,
838 3965 1065 4060 Callistrate,
1085 3982 1185 4063 patre
1201 3979 1345 4065 patrato

431 4097 549 4172 Infert
576 4095 782 4171 hexametro
798 4092 951 4168 carmine
977 4092 1071 4168 belia
1096 4093 1196 4172 mihi.
1306 4087 1308 4092 ’

382 4224 461 4326 Jam
482 4224 510 4298 ii
533 4219 622 4317 qnid
647 4219 837 4307 miserere3
861 4231 990 4291 canant
1012 4232 1075 4292 tua
1098 4219 1196 4318 ssgna
1219 4230 1429 4317 receptumt

429 4343 597 4426 obtinuit
619 4341 723 4422 belin
745 4343 819 4419 otia
843 4341 934 4422 flens
956 4339 1144 4420 Priamus..

721 4597 1197 4705 iii-liJnsmenr.

381 4828 500 4929 Quem
523 4826 640 4904 cernis
663 4829 862 4923 tumulum,
887 4851 934 4909 ne
949 4829 1035 4931 quid
1048 4829 1198 4922 fallare,
1227 4825 1373 4928 viatnr',
1431 4856 1437 4866 ’
1473 4917 1479 4930 „
1517 4923 1521 4926 ,

426 4953 530 5034 Vatia
555 4975 648 5052 opus
676 4954 795 5034 Marci
816 4957 952 5042 nuliiua
975 4960 1048 5036 oiia
1070 4957 1176 5057 tegit.

1592 609 1675 694 tta
