4809 6034
694 561 942 651 trata
990 562 1323 651 auritus.
1618 500 1760 664 183²

430 785 511 863 Hos
535 783 662 883 fugere
682 784 836 865 officium
867 791 945 865 veri
967 788 1138 882 reeeo‘ris,
1163 793 1201 867 ua
1217 794 1319 868 ilium

480 910 664 1004 Credere,
688 913 753 1011 qui
775 913 895 992 fumos
917 916 1042 992 vendit
1067 916 1225 1014 emitque
1247 937 1362 1015 pares,

781 1199 1230 1280 ·11.Loor,rtu1.

428 1464 552 1543 Rebus
569 1452 798 1545 inhumanis
821 1469 912 1544 nihil
935 1472 988 1545 est
1012 1473 1191 1550 cmdelius
1216 1473 1305 1565 illo,
1439 1542 1441 1547 ,

478 1592 553 1693 Qui
576 1592 639 1669 sub
663 1594 815 1689 persona
837 1591 932 1668 fallit
951 1591 1140 1669 amicitiae.

346 1778 351 1787 .
425 1716 521 1792 Nam
545 1717 630 1814 quia
658 1718 774 1793 securi
798 1738 867 1795 nos
890 1737 965 1792 non
990 1733 1033 1793 ut
1055 1718 1100 1794 ab
1124 1715 1227 1793 hoste
1252 1733 1415 1811 tuemur,

475 1841 537 1918 Bis
563 1857 695 1937 nocet,
720 1858 825 1942 atque
848 1843 1000 1921 habitam
1027 1845 1135 1923 vertit
1157 1844 1196 1919 in
1222 1862 1317 1920 arma
1339 1844 1458 1924 fidem.

646 2138 650 2145 “
747 2130 1270 2209 HLParraoam

426 2400 465 2475 Si
483 2399 570 2498 quid
596 2398 692 2475 forte
715 2398 857 2490 darem,
888 2399 1071 2476 Dominus
1091 2400 1273 2501 fraterque
1288 2400 1465 2492 vocabar,

474 2526 527 2600 At
552 2525 578 2600 fi
604 2545 680 2601 non
706 2523 853 2601 aderant
876 2546 1024 2603 munera
1047 2524 1160 2603 frater
1184 2548 1293 2602 eram.

424 2650 629 2727 Gratuitum
654 2648 745 2724 nihil
767 2650 842 2740 est,
867 2673 984 2745 neque
999 2651 1166 2723 nomina:
1191 2650 1255 2722 sed
1275 2647 1362 2723 mihi
1379 2648 1513 2727 donum

474 2778 553 2875 Jam
571 2797 649 2855 non
665 2776 740 2852 esta
766 2772 839 2850 dici
859 2794 936 2851 non
962 2772 1051 2850 volo
1072 2792 1130 2848 me
1153 2770 1365 2853 Dominum.

759 3067 836 3146 IV.
875 3016 1227 3163 EJo‘snzo.

426 3336 791 3432 (inconsiderato,
816 3339 1047 3437 volucrisque
1073 3336 1262 3435 nigerrima
1281 3336 1441 3433 Phoebi,

477 3463 650 3553 Obtinet,
674 3484 747 3541 una
772 3466 861 3540 sinat
882 3465 1008 3555 litera,
1033 3482 1170 3537 nomen
1192 3463 1300 3541 idem.

424 3588 515 3662 Non
530 3586 595 3662 ista
616 3586 737 3661 minus
761 3589 822 3657 ille
854 3588 922 3657 tibi
938 3586 1105 3657 vitandus
1129 3586 1305 3665 habetor:

473 3713 541 3788 Ille
566 3727 676 3789 nocet
700 3709 817 3804 vivis,
839 3707 903 3783 ista
927 3705 1171 3811 cadaveribus.
1195 3808 1198 3813 ‚

640 4044 648 4065 .
775 3996 827 4075 V.
868 3995 1276 4094 EJusnror„

333 4330 336 4335 >
423 4271 515 4346 Non
539 4256 648 4345 no'cet
672 4265 922 4364 usqueadeo,
945 4266 1009 4362 qui
1032 4265 1105 4341 sese
1131 4264 1241 4340 odisse
1263 4265 1417 4355 fatetur,
1477 4286 1481 4292 ’

475 4393 531 4469 Ut
558 4395 623 4492 qui
645 4393 680 4468 ie
703 4389 827 4488 specie'
846 4392 941 4468 velat
962 4390 1157 4465 amicitiae:

425 4518 519 4594 Nam
543 4520 674 4617 quibus
697 4519 826 4594 exosos
848 4537 918 4594 nos
943 4515 1118 4594 credimus
1142 4517 1233 4606 effe,
1256 4534 1444 4590 cavemus:

472 4646 565 4744 Quis
589 4660 739 4738 caveat,
763 4662 882 4718 carum
906 4642 943 4718 se
956 4637 1098 4741 'quibus
1119 4647 1188 4719 eise
1211 4643 1341 4738 putet?
1380 4650 1386 4657 ’

429 4772 599 4848 Hostibus
622 4773 674 4848 est
699 4769 837 4849 cuncis
859 4768 1022 4843 hostilior
1045 4769 1107 4843 ille
1132 4767 1302 4858 dolosus,

479 4899 552 4997 Qui
575 4922 639 4996 per
663 4897 833 4976 amicitiae
855 4895 935 4993 jura
958 4894 1137 4992 iidemque
1161 4909 1282 4970 nocet.

993 5020 1056 5099 Aa
1409 5082 1417 5099 .
1518 5016 1584 5094 VI
1620 5014 1685 5094 ira·
