4809 6034
665 576 738 632 xre
973 545 1757 627 HUGONISGROTII·

703 749 816 841 'Besa
840 752 877 826 in
896 738 1146 846 epigrammate
1165 744 1376 840 hydraulica
1394 758 1632 841 memoratus,
1657 746 1896 842 videturesse,
1920 770 2027 849 quem

663 911 700 986 in
720 906 905 984 Thebaide
923 926 991 1001 pro
1011 903 1094 979 Deo
1112 904 1248 979 cultum
1263 920 1382 979 narrat
1399 905 1493 980 libro
1512 907 1605 982 XIX
1632 907 1839 983 Ammianus
1871 910 2028 985 Marcel-

662 1069 770 1144 linus.
823 1060 1051 1156 Destrui,
1080 1061 1146 1160 qui
1176 1060 1335 1137 Persicae
1354 1059 1444 1135 clasii
1477 1062 1541 1137 sub
1571 1063 1673 1160 aquis
1696 1079 1820 1141 natans
1844 1067 2025 1144 anchoras

660 1223 859 1320 praecidit,
881 1218 978 1316 apud
1003 1219 1175 1313 Plinium3
1199 1218 1244 1292 de
1270 1218 1397 1294 Helice
1424 1217 1463 1293 dt
1489 1206 1721 1294 Buri'mersis
1743 1223 1893 1299 urbibus
1915 1224 2026 1299 histo.

660 1381 710 1455 ria
731 1381 781 1459 eil
804 1377 901 1476 apud
922 1376 1155 1467 Strabonem,
1184 1373 1410 1468 Pausaniam,
1434 1375 1613 1466 Plinium,
1641 1376 1811 1451 senecam
1830 1381 1867 1455 in
1883 1395 2025 1456 natura·

658 1537 767 1615 libus.
822 1535 915 1637 Quis
940 1532 1109 1610 Pisonum
1135 1535 1202 1625 sat,
1229 1537 1294 1632 qui
1318 1534 1377 1609 bic
1400 1534 1620 1624 celebratur,
1646 1534 1838 1630 Agricolae
1857 1536 2024 1613 lbcitine

658 1692 781 1786 socer,
806 1692 982 1784 analius,
1006 1691 1121 1766 Dioni
1138 1689 1182 1764 ad
1196 1690 1320 1766 Severi
1332 1708 1491 1789 tempora
1515 1706 1745 1782 memoratus,
1769 1712 1815 1767 ex
1831 1692 2022 1769 Poetarum

657 1865 772 1927 aetate
800 1865 1003 1947 quaeratur.
1053 1847 1120 1922 llle
1142 1846 1217 1943 ipse
1243 1846 1343 1923 Dion
1362 1848 1400 1922 in
1422 1848 1546 1924 Nerua
1569 1863 1710 1940 narrat,
1748 1849 1845 1946 quod
1869 1871 1914 1927 an
1929 1851 2023 1927 idem

655 2008 790 2100 lit,.an
814 2006 923 2083 limile
948 2006 983 2080 ei
1006 2003 1106 2103 quod
1134 2004 1172 2080 in
1210 2005 1458 2101 epigrammate
1482 2007 1558 2099 est,
1601 2006 1645 2079 de
1668 2006 1780 2081 milite
1803 2010 1841 2084 in
1867 2030 2023 2108 pugnarn

655 2166 828 2259 reuerso,
855 2183 938 2238 cunr
961 2163 994 2236 se
1018 2162 1063 2236 ad
1086 2177 1240 2237 mortem
1265 2152 1488 2238 vulneratum
1505 2164 1675 2256 sentiret,
1709 2178 1751 2238 ut
1773 2166 1834 2239 alii
1852 2166 2020 2259 videant,

654 2316 791 2394 indico.
842 2320 995 2395 Aureoli
1019 2319 1122 2415 ejus,
1148 2318 1253 2415 cujus
1271 2320 1448 2416 sepulcro
1464 2321 1672 2418 inscriptum
1698 2340 1839 2395 carmen
1861 2340 1906 2396 ex
1926 2323 2023 2399 Gru·

653 2475 721 2549 teri
744 2475 958 2552 colledlione
984 2475 1234 2567 desumimus,
1265 2474 1413 2549 historia
1443 2477 1481 2551 dt
1516 2475 1674 2591 eiusdem
1706 2479 1870 2555 carminis
1895 2480 2023 2557 Latina

653 2631 794 2725 versio,
834 2631 953 2709 nostra
977 2630 1123 2708 liberior
1156 2630 1378 2726 ampliorque
1413 2629 1466 2704 est
1499 2630 1594 2727 apud
1628 2631 1852 2709 Trebellium
1876 2633 2022 2710 *Pollio-

652 2806 747 2862 nem.
798 2786 989 2864 Ablabiunr
1013 2787 1230 2884 praefectum
1253 2789 1354 2864 soille
1378 2787 1559 2884 praetorio
1578 2787 1644 2863 sub
1665 2786 1906 2882 Constantio,
1932 2792 2022 2866 Am·

652 2943 807 3021 mianum
831 2944 1116 3037 Marcellinum,
1155 2944 1195 3020 dt
1226 2942 1414 3021 Eusebium
1446 2945 1484 3021 in
1511 2943 1698 3021 Chronico
1722 2946 1828 3021 testes
1852 2946 2019 3023 habemus
2061 2982 2069 2993 -

652 3098 692 3176 dt
718 3099 921 3177 Zosimumr
964 3097 1002 3174 dt
1026 3098 1104 3193 eiua
1136 3113 1229 3195 puto
1267 3102 1368 3177 fuisse
1402 3099 1592 3191 Gothica,
1627 3121 1782 3198 quorum
1816 3104 2020 3202 Jornandes
2133 3140 2140 3155 ·

651 3258 822 3335 meminit.
874 3253 1049 3333 Eundem
1079 3256 1291 3352 Zofimum,
1324 3258 1499 3356 srmulque
1524 3257 1701 3332 Zonaram
1732 3257 1816 3332 vide
1842 3258 1887 3333 de
1912 3262 2020 3337 versi·

650 3413 716 3489 but
750 3412 890 3490 Libanii
923 3411 1102 3509 inscriptis
1136 3415 1271 3512 Juliani
1305 3415 1459 3490 tumulo.
1514 3412 1653 3506 Cyrum
1679 3414 1804 3504 illum,
1831 3414 1893 3511 qui
1917 3434 2019 3510 prae·

650 3567 789 3642 toriana
809 3566 957 3640 sunctus
983 3567 1036 3644 est
1058 3571 1310 3663 praefectura,
1335 3568 1535 3646 Theodosii
1555 3567 1758 3643 minoris&
1777 3568 2022 3646 Valentiniani

652 3723 771 3801 uixisse
795 3721 1050 3816 temporibus,
1081 3722 1278 3797 ostendunt
1301 3723 1398 3817 leges
1436 3722 1549 3796 titulis
1576 3721 1621 3794 de
1645 3719 1887 3817 Aquaeduslu
1909 3721 1948 3798 dt
1972 3721 2017 3797 de

649 3877 872 3976 principibus
891 3880 1089 3973 Agentlunr
1111 3881 1148 3955 in
1167 3881 1287 3968 rebus,
1308 3876 1345 3951 dt
1360 3877 1613 3968 Novellarum,
1631 3894 1723 3973 quae
1744 3873 1875 3951 Codici
1895 3879 2019 3954 Theo·
2058 3842 2060 3863 ³

650 4035 796 4110 dosiano
830 4033 1132 4132 subiunguntur,
1183 4055 1224 4109 ea
1250 4033 1417 4135 quaeest
1442 4032 1487 4107 de
1515 4032 1790 4111 Alluuionibus.
1838 4032 2017 4109 Eumdem

650 4190 869 4288 praefestum
894 4189 1026 4266 fabium
1053 4190 1151 4264 urbis
1178 4188 1573 4283 Constantinopoleos,
1607 4186 1755 4285 ejusque
1778 4170 1877 4261 urbis
1900 4189 2020 4282 prola·

544 4436 551 4447 ,
651 4353 734 4426 tasse
758 4347 950 4438 ambitum,
981 4345 1079 4422 sudio
1105 4368 1125 4420 a
1148 4346 1234 4420 mari
1257 4345 1302 4418 ad
1326 4365 1420 4419 mare
1445 4342 1649 4439 pertinente
1673 4362 1802 4435 muro,
1846 4322 1943 4417 testis
1966 4343 2018 4417 eil

652 4507 837 4596 Zonaras3
862 4502 1058 4582 Consulem
1077 4504 1211 4579 fabium
1230 4502 1266 4575 in
1289 4500 1477 4576 Chronico
1493 4498 1729 4574 Marcellinus
1747 4515 1861 4576 notat.
1913 4501 2015 4576 Rho·

650 4664 697 4738 do
732 4664 782 4737 &¹
806 4659 1027 4758 Cycladibus
1051 4660 1235 4757 proprium
1259 4658 1359 4735 fuisse
1390 4657 1606 4755 praefidcm,
1644 4628 1838 4753 Justiniani
1870 4656 2016 4731 novella

651 4841 723 4897 una
749 4821 787 4899 dt
814 4818 1076 4917 quadragesrma
1100 4817 1258 4896 docebit.
1311 4815 1373 4893 De
1396 4816 1460 4893 illo
1481 4812 1528 4915 pl
1552 4809 1662 4913 θάψῃς
1683 4807 1735 4887 rb
1758 4806 1939 4900 dienen,
1971 4809 2017 4883 de

1945 4967 2015 5046 Be·
