4809 6034
588 495 1554 585 rituum-GOMMA.
1735 532 1888 611 aar!

421 706 668 807 sapienterque
697 696 796 785 ,utba
820 698 1039 790 invenient,
1063 698 1136 777 five
1158 697 1203 774 ad
1226 696 1327 777 amns
1350 699 1484 777 reserre
1518 702 1686 797 pietatem
1719 727 1782 785 ne·

422 863 630 953 cessarium,
655 874 694 939 ut
715 860 793 953 est,
826 858 1049 949 existimant,
1090 856 1261 937 bonitatis
1285 857 1617 960 misericordiaeque
1642 861 1679 939 in
1713 863 1781 941 ho·

420 1022 532 1097 mines
556 1019 735 1115 praeclara
758 1016 817 1092 hic
842 1014 1087 1112 conspicient,
1114 1029 1189 1091 tum
1218 1018 1401 1114 exempla,
1434 1032 1510 1095 tum
1535 1019 1777 1098 hortamenta.

422 1178 596 1279 Quisquis
622 1176 729 1273 aequi
751 1174 911 1273 bonique
935 1173 1070 1249 cultum
1093 1169 1318 1267 iudicando,
1350 1173 1598 1269 consulendo,
1641 1176 1778 1254 orando

402 1292 643 1411 'exerciturus
665 1331 746 1421 est,
769 1329 938 1428 gaudebit
960 1325 1063 1405 leuia
1086 1328 1240 1425 justitiae
1264 1327 1425 1405 laudibus
1450 1328 1489 1407 dt
1515 1334 1683 1409 contrarii
1703 1332 1781 1417 vitii

418 1488 662 1569 insectatione.
699 1484 824 1565 Diluet
844 1482 884 1559 da
897 1484 971 1560 sori
988 1486 1140 1583 taedium
1159 1486 1289 1582 jocofis
1306 1487 1422 1561 litium
1439 1487 1782 1563 commemorationi·

418 1650 512 1739 busa
543 1665 613 1723 nec
636 1642 784 1718 insuave
806 1640 876 1723 ¹erit
905 1640 1125 1742 lastiniani,
1166 1643 1285 1742 legum
1318 1644 1568 1721 immortalium
1600 1642 1779 1725 Condito·

312 1776 318 1781 ’
416 1807 490 1895 ris,
516 1803 554 1877 dt
577 1821 635 1877 res
658 1798 813 1874 illustres
835 1796 901 1874 sub
925 1816 971 1871 eo
993 1798 1214 1896 magistratus
1237 1800 1453 1896 compendio
1477 1801 1638 1877 noscere.

445 1960 565 2034 idem
590 1956 636 2029 de
660 1953 760 2031 omni
783 1969 921 2029 morum
951 1969 1051 2048 parte
1076 1955 1209 2033 dissum
1237 1959 1345 2050 volo,
1379 1960 1515 2037 trullam
1540 1961 1631 2051 eise,
1672 1957 1777 2055 cuiue
1831 2004 1833 2007 ·

415 2137 489 2193 non
513 2112 654 2210 egregia
676 2109 760 2189 hinc
786 2110 951 2207 depromi
971 2113 1101 2209 puffint
1122 2066 1338 2210 praecepit,
1372 2115 1416 2191 ad
1442 2132 1533 2215 quae
1559 2133 1634 2193 tum
1658 2114 1778 2211 priva·

415 2274 502 2364 tim,
528 2272 638 2369 inque
664 2267 860 2344 ordinanda
895 2269 1029 2361 domo,
1061 2283 1139 2346 tum
1162 2268 1200 2345 in
1223 2270 1379 2368 regenda
1410 2270 1614 2368 Republica
1645 2270 1780 2344 forme·

414 2447 518 2507 mura
558 2426 642 2501 Nec
670 2423 788 2499 minus
813 2423 1003 2519 prolatura
1026 2421 1227 2518 praeceptis
1252 2422 1328 2518 ipsa
1346 2423 1650 2521 Philosophorum
1679 2426 1778 2522 vita,

412 2582 666 2661 accedentibus
696 2575 945 2677 &cujusque
977 2579 1129 2693 placitis.
1180 2576 1259 2675 Jam
1285 2575 1331 2654 de
1363 2577 1516 2656 fiderum
1548 2579 1776 2675 nominibus,

413 2741 557 2834 politn',
581 2736 710 2826 cursu,
746 2753 788 2809 ac
813 2735 850 2810 in
874 2754 950 2811 nun
973 2753 1087 2832 pauca
1118 2734 1304 2832 splendide
1329 2736 1423 2813 dista
1444 2762 1458 2830 3
1502 2737 1772 2819 necimmerito

410 2895 532 2984 irrisi,
575 2891 701 2990 quibus
724 2912 767 2967 ea
792 2891 1002 2989 cognitione
1027 2892 1159 2984 abari,
1191 2910 1233 2967 ac
1256 2892 1379 2977 sumta
1405 2896 1450 2973 ab
1475 2893 1656 2972 hominum
1683 2893 1778 2971 arbi·

411 3052 518 3151 trio,
560 3050 720 3123 causrsve
763 3047 914 3123 occultis
956 3048 1149 3146 pendentia
1180 3050 1388 3147 praedicere
1419 3050 1567 3128 ambitio
1592 3051 1668 3146 est,
1708 3064 1774 3131 aut

410 3205 576 3303 quaestus
598 3204 755 3280 illudens
781 3203 948 3280 credulis·
999 3207 1072 3283 Ars
1095 3206 1270 3283 mensoria
1295 3206 1335 3284 dt
1377 3209 1518 3286 numeri
1563 3206 1625 3281 sua
1661 3222 1789 3305 agno,

410 3322 509 3437 scent
532 3362 752 3456 problemata
776 3360 814 3435 da
837 3361 1003 3453 solvent3
1028 3359 1163 3458 Neque
1195 3362 1336 3442 Mulica
1360 3367 1433 3446 five
1458 3365 1519 3440 illa
1542 3385 1657 3458 voce,
1698 3365 1771 3441 live

406 3516 557 3607 fidibus,
591 3519 664 3592 sive
688 3517 793 3590 etiam
818 3529 931 3591 vento
956 3537 1095 3613 aquave
1119 3519 1334 3613 peragitur,
1366 3517 1590 3611 praeteritam
1614 3514 1650 3587 se
1675 3535 1765 3595 cou-

408 3675 511 3772 queri
534 3670 682 3768 poterit.
735 3666 813 3743 Ubi
835 3666 906 3739 hoc
930 3662 1047 3739 obiter
1069 3664 1269 3740 monuerim
1296 3663 1444 3745 Ctesibii
1466 3667 1700 3765 hydraulica,
1724 3671 1770 3751 da

408 3831 536 3926 quibus
564 3825 747 3924 egregium
770 3820 941 3895 habemus
965 3816 1204 3917 epigramma,
1232 3821 1328 3917 apud
1368 3821 1577 3903 Vitruvium
1603 3829 1766 3911 describi.

410 3985 728 4062 Grammaticorum
752 3975 922 4053 minutiae
949 3972 987 4048 dt
1012 3975 1215 4071 glossemata
1240 3998 1316 4054 non
1339 3952 1458 4056 minus
1488 4001 1592 4079 quam
1626 3982 1768 4060 Rheto-

375 4188 378 4191 -
406 4163 485 4217 turn
509 4142 619 4216 flores
643 4136 682 4212 dt
707 4131 910 4209 dialedlicae
936 4128 1113 4207 illationes
1139 4131 1258 4227 paffim
1284 4133 1320 4209 se
1345 4134 1545 4213 ostendent.

454 4300 497 4374 ln
524 4290 781 4389 Hippocratis,
814 4284 1015 4377 Nicandri,
1050 4287 1201 4365 Oribalii
1235 4290 1362 4389 Ma'gni
1394 4292 1557 4370 laudibus
1591 4292 1700 4370 semet
1724 4315 1762 4370 a·

403 4428 576 4552 gnoscent
597 4446 762 4523 medendi
787 4443 1026 4535 Professores3
1059 4464 1127 4518 nec
1150 4442 1300 4521 facetiae
1327 4446 1513 4542 deerunt,
1546 4451 1674 4548 quibus
1698 4452 1764 4530 im·

404 4609 538 4706 probos
564 4606 794 4680 circulatores
821 4601 860 4676 dt
886 4600 1100 4693 ciniflones,
1123 4602 1207 4676 attis
1231 4602 1311 4677 suae
1336 4600 1664 4701 dehonestamenta,
1681 4606 1762 4684 irti-

403 4758 538 4857 deant..
572 4760 719 4841 Habent
741 4758 781 4837 dt
805 4757 1011 4839 Meuhauici
1038 4759 1171 4839 veteris
1197 4759 1372 4838 sollertiae
1395 4762 1536 4862 egregia
1554 4762 1759 4859 specimina,

1080 4913 1175 4990 ”a
1709 4918 1760 4994 ita
