4809 6034
770 566 1022 697 ttortt
1071 598 1407 705 Poritos.
1706 620 1758 681 ω

630 936 636 945 ·
766 908 872 987 VII.
923 909 1376 995 Arrrtrrtttr,

657 1136 714 1211 De
740 1133 838 1208 Cotto
862 1128 1078 1230 adscendente
1103 1128 1138 1198 in
1163 1124 1250 1199 Eleu
1265 1124 1330 1195 mis
1357 1119 1512 1216 tempium

930 1267 1119 1353 recuperato
1144 1245 1230 1346 visu.

510 1497 675 1573 Duxerat
697 1486 744 1561 ad
765 1484 938 1580 templum
962 1505 1018 1557 me
1042 1477 1187 1572 scipio;
1219 1496 1293 1548 non
1317 1470 1430 1548 modo
1455 1470 1560 1547 sacris

517 1708 520 1713 ¹
556 1620 668 1715 Ipse,
705 1616 766 1690 sed
792 1613 830 1686 δι
856 1611 932 1686 Soli
955 1609 1090 1706 quippe
1115 1601 1293 1698 profanus.
1312 1621 1419 1676 eram.
1576 1644 1581 1650 -

513 1747 583 1825 Sed
608 1745 728 1819 fecere
752 1742 852 1818 Deae
875 1736 1021 1829 mystam
1048 1731 1215 1827 Solisque
1240 1731 1448 1825 suumque:
1554 1820 1559 1829 .

562 1874 653 1948 Nox
679 1868 794 1943 oculis
817 1864 960 1942 nostem
983 1858 1123 1955 depulit
1146 1856 1210 1957 ista
1232 1855 1338 1931 meis.

515 2002 571 2076 Ut
595 1999 685 2071 duce
708 2017 764 2069 me
788 1994 905 2083 redii,
940 1988 1066 2084 tejam
1093 1983 1205 2058 Ceres
1229 1983 1319 2056 alma
1343 1981 1490 2056 celebro

565 2126 655 2201 Non
677 2123 835 2220 lingua,
868 2117 929 2194 sed
953 2114 1053 2214 quod
1078 2113 1208 2189 certius
1235 2112 1320 2204 est,
1351 2110 1483 2185 oculis.

863 2358 998 2435 VIII.
1049 2356 1342 2430 Enrcrr.

520 2592 552 2665 E
580 2585 693 2663 veteri
720 2583 805 2657 dum
828 2581 937 2678 ligna.
952 2579 1049 2652 secas
1074 2574 1178 2649 miser
1205 2575 1334 2650 arbore
1362 2567 1536 2664 Midon,

569 2712 694 2788 imitus
716 2708 858 2784 insidias
885 2706 973 2783 fecit
996 2705 1173 2780 araneola,

523 2842 620 2917 Hinc
642 2838 755 2913 cruris
782 2835 877 2911 laevi
900 2833 947 2909 de
971 2834 1121 2909 vulnere
1146 2830 1304 2926 pascitur
1328 2842 1422 2904 artus

569 2965 776 3060 Corporis,
809 2963 881 3058 hoo
902 2940 1089 3057 talosque
1117 2959 1208 3055 tegit
1233 2974 1309 3031 atra
1328 2956 1427 3029 lues.

520 3091 719 3167 Praecisum
746 3089 904 3184 juvenile
933 3107 1033 3189 geno
1056 3104 1233 3182 quoque:
1271 3104 1336 3180 pes
1360 3081 1466 3176 super
1490 3097 1584 3155 unus
1601 3129 1623 3168 ‚

574 3218 647 3294 Sed
670 3216 841 3292 frondosa
867 3236 1002 3291 novum
1025 3214 1178 3310 praestat
1205 3211 1302 3288 oliva
1328 3207 1468 3306 pedem.

837 3433 1380 3513 TITULUSV.

788 3657 855 3743 De
882 3656 1134 3741 Fortitudine
1154 3653 1212 3740 «θ’
1240 3650 1448 3738 Fortibus.

892 3891 1328 3980 Moeram,

839 4122 841 4127 ’
987 4114 1026 4188 de
1051 4114 1224 4188 Lacaena-

532 4343 677 4418 Femina
702 4363 779 4415 cum
803 4356 922 4415 natum
948 4340 1120 4434 spartana
1142 4336 1282 4411 videret
1306 4333 1483 4408 inermem*

584 4470 642 4543 Ex
668 4470 765 4541 duro
793 4466 943 4540 celerem
970 4464 1089 4540 Marte
1116 4464 1251 4539 referre
1278 4458 1418 4555 pedem.

536 4597 644 4671 lrruit
668 4613 776 4692 atque
803 4595 904 4688 iecur
928 4592 1100 4689 transegit
1126 4587 1269 4666 vindice
1292 4587 1392 4660 ferro
1409 4635 1427 4675 ,.

557 4720 830 4815 'Insultansque
851 4740 964 4793 mares
989 4720 1100 4794 edidit
1127 4740 1190 4792 ore
1213 4717 1343 4790 sonost

537 4850 628 4924 Non
654 4847 780 4942 recipit
802 4847 891 4921 tales
920 4844 1068 4940 Spartae
1096 4844 1256 4919 domus:
1289 4842 1338 4933 i,
1372 4852 1456 4936 pete
1481 4855 1631 4927 manes,

585 4976 604 5049 1
630 4973 737 5065 cito,
767 4971 937 5069 maiorum
965 4970 1129 5068 proditor
1159 4969 1197 5044 ot
1224 4967 1378 5067 patriae„

1085 5095 1118 5173 C
1145 5119 1173 5195 3,
1597 5082 1653 5159 ΙΙ.
1679 5072 1799 5157 Pto
1863 5109 1868 5113 ·
