4809 6034
589 495 1507 578 PROL'EGOMENA.
1669 527 1728 583 xv

368 702 506 796 Beryto
530 713 644 774 terrae
667 710 768 774 motu
783 696 952 794 collapsa,
976 701 1021 776 de
1040 695 1258 817 Daphniacis
1280 697 1379 792 suis,
1401 697 1593 799 Agathiam
1617 700 1732 779 intere

365 877 465 958 roga.
514 854 692 932 Zonararn
716 853 762 931 de
787 869 900 954 ponte
924 855 962 934 in
992 854 1164 959 Sangari,
1197 854 1319 954 deque
1342 871 1477 953 portu,
1515 878 1624 958 quem
1654 861 1726 936 ›So-

364 1014 484 1111 phiam
506 1034 553 1088 ex
577 1014 704 1088 uxoris
734 1012 817 1088 suae
841 1011 986 1089 nomine
1011 1010 1103 1089 dixit
1135 1011 1297 1112 Justinus
1326 1013 1477 1108 minor,
1516 1011 1563 1090 de
1598 1014 1726 1115 quibua
1837 994 1843 1002 ¹

362 1171 576 1269 epigramma
599 1169 701 1266 eius,
727 1189 833 1267 quem
861 1166 967 1261 dixi,
988 1169 1163 1267 Agathiae
1188 1170 1374 1248 hahemus.

408 1325 591 1420 Polycleti
611 1313 872 1423 &Polygnoti
897 1324 1001 1422 saepe
1014 1328 1107 1403 inter
1131 1326 1180 1402 se.
1193 1326 1346 1404 librariis
1366 1325 1476 1403 nixu
1501 1326 1585 1407 sunt
1607 1332 1722 1411 nomi·
1798 1418 1801 1423 ‚

358 1504 417 1563 aa.
467 1484 587 1560 Facile
612 1484 675 1559 sua
701 1484 834 1583 cuique
854 1482 1040 1577 restimes,
1077 1485 1103 1561 ti
1129 1504 1177 1560 ex
1198 1482 1318 1559 Plinio
1348 1483 1388 1561 de
1415 1485 1594 1581 Dionyfio
1618 1489 1720 1566 Hali·

358 1644 563 1721 curnailenii
586 1644 624 1720 in
644 1642 898 1719 Demosthenis
934 1641 1139 1716 laudatione
1179 1642 1362 1719 notaveris
1391 1641 1621 1740 Polycletum
1651 1648 1720 1725 sta·

355 1802 451 1895 tuis,
477 1798 725 1901 Polygnotum
750 1813 900 1897 argento
925 1798 1060 1873 caelato
1086 1798 1124 1873 dr
1147 1796 1287 1894 pistura
1314 1802 1484 1880 floruilie.

406 1946 596 2035 Calamitas
616 1958 706 2049 illa,
739 1976 846 2055 quam
869 1956 999 2054 lugens
1027 1955 1192 2050 Alpheus
1221 1955 1331 2033 titulo
1359 1956 1405 2034 de
1433 1960 1640 2045 fluminibus
1662 1968 1717 2049 in·

356 2118 516 2209 ducitur,
542 2104 587 2191 ad
622 2135 714 2214 quae
739 2128 901 2208 tempora
924 2112 1051 2188 referri
1075 2112 1228 2205 debeat,
1252 2113 1426 2193 dubitavi.
1477 2116 1579 2196 Facit
1603 2121 1718 2199 Nice·

354 2295 406 2353 tas
432 2274 663 2365 Choniat'es,
701 2288 742 2348 ut
775 2285 897 2369 putem
920 2269 1104 2345 norienm
1128 2270 1301 2346 Graeciae
1326 2272 1395 2349 elie
1416 2272 1593 2370 foetum,
1634 2298 1716 2356 cum

354 2433 520 2510 Balduini
543 2433 639 2507 eirca
661 2444 823 2525 tempora
840 2427 1013 2504 nostrates
1044 2426 1211 2503 hominen
1237 2423 1379 2501 Elidem
1402 2428 1500 2503 bello
1522 2431 1718 2512 vastarunt.

352 2587 545 2664 Merentur
570 2586 609 2661 dr
634 2586 863 2677 thusumes,
890 2605 982 2682 quae
1003 2604 1110 2661 manu
1133 2582 1329 2661 ostendunt
1345 2584 1544 2684 ingenium,
1571 2595 1617 2673 ab
1646 2598 1711 2674 ob.

350 2746 486 2824 livione
514 2745 700 2844 vindicari.
750 2744 946 2838 Myronem
974 2739 1180 2818 Eleutheris
1209 2759 1363 2834 natum,
1397 2758 1439 2819 ut
1471 2746 1521 2821 ait
1547 2747 1712 2847 Plinius,

347 2903 483 2980 bucula
504 2903 653 2977 maxime
677 2898 905 2992 nobilitavit,
931 2896 1116 2974 celebratis
1140 2897 1299 2974 aerfibus
1321 2898 1487 2978 laudam:
1511 2925 1618 3002 quam
1643 2910 1714 2987 suo

348 3077 510 3157 tempore
553 3062 693 3137 Romae
729 3020 831 3134 fuiiie
875 3059 914 3133 in
953 3055 1035 3130 soro
1072 3052 1175 3130 Pacis
1211 3053 1320 3130 docet
1361 3079 1434 3134 nos·
1471 3058 1715 3145 Gothieoruns

211 3260 217 3269 -
349 3237 482 3318 quarto
514 3215 727 3312 Procopius.
779 3213 822 3289 ln
849 3232 924 3286 eam
951 3209 1162 3319 triginta&
1189 3212 1325 3309 septem
1350 3215 1518 3292 habemus
1545 3219 1605 3296 hic
1627 3224 1711 3321 epi·

347 3388 560 3474 pammata,
587 3394 738 3470 quorum
764 3370 940 3446 nobiliora
961 3368 1071 3444 vertit
1096 3368 1136 3444 dt
1161 3370 1358 3447 Ausonius.
1411 3372 1616 3453 Stratonice
1640 3380 1714 3454 Ph·

348 3518 431 3604 nius'
438 3516 621 3619 adscribit,
632 3526 916 3623 quodDiodoro
927 3529 1058 3619 poeta,
1085 3527 1302 3618 Satyrumin
1319 3527 1440 3623 phiala
1459 3525 1709 3611 dormientem.

347 3686 508 3783 Aquila,
523 3684 678 3760 sentiens
694 3679 836 3778 quidin
849 3676 1062 3775 Ganymede
1074 3678 1209 3774 rapiat,
1235 3678 1400 3757 Leocrae·
1413 3699 1490 3757 erat
1508 3706 1615 3782 opus.
1644 3689 1711 3767 Ad

344 3841 466 3916 matris
489 3839 673 3917 morientis
693 3859 717 3914 e
738 3838 888 3913 vulnere
905 3856 1087 3912 mammam
1111 3855 1279 3933 arrepens
1306 3838 1430 3916 infans
1458 3840 1586 3919 Aristis
1606 3844 1704 3923 The·

342 3999 438 4077 hani.
487 3982 563 4098 'Qui
588 3994 734 4091 Aiacem
759 3994 799 4070 dt
823 3993 988 4069 Medeam
1019 4007 1094 4068 arte
1118 3992 1240 4088 pinsit
1264 3992 1416 4088 eximia,
1451 3996 1711 4079 dinomachus·

345 4153 506 4228 Caesaris
530 4151 712 4229 dictatoris
735 4167 851 4227 aetate
874 4151 998 4227 virita
1039 4168 1151 4246 opera
1185 4136 1262 4243 ipsa
1292 4166 1375 4242 ante
1401 4150 1522 4226 aedem
1550 4152 1710 4232 Veneris

345 4308 542 4384 Genitricis
573 4306 752 4382 dedicavit
776 4305 906 4381 Caesar
940 4309 1150 4404 Augustus·
1199 4301 1334 4379 Cnidia
1350 4304 1478 4411 Venus
1505 4328 1525 4381 e
1551 4327 1705 4383 marmo-

341 4488 380 4541 ae
404 4482 481 4539 erat
510 4462 711 4541 Praxitelis.
759 4460 930 4557 Eiusdem
956 4461 1105 4558 Cupido
1130 4460 1294 4558 objeetus
1319 4481 1339 4537 a
1365 4460 1545 4539 Cicerone
1572 4463 1709 4558 Verri,
1816 4412 1826 4431 Ο

341 4621 417 4715 ihc,
439 4635 587 4717 propter
613 4640 718 4716 quem
747 4618 926 4714 Thespiae
956 4619 1174 4698 visebantur.
1225 4621 1277 4696 Et
1299 4621 1388 4695 alter
1416 4618 1561 4717 Cupido
1584 4622 1712 4699 nudus

341 4776 378 4852 in
400 4776 505 4855 Pario
529 4775 760 4876 Propontidis
787 4776 942 4855 colonia.
993 4777 1199 4870 Incertum,
1221 4796 1266 4859 su
1282 4777 1467 4879 ejusdem,
1488 4797 1534 4858 an
1562 4777 1708 4872 Scopae

1623 4951 1708 5007 rum
