4809 6034
681 546 935 631 LIBER
984 550 1318 635 PRIMUS.

417 752 583 868 servite,
607 787 749 871 tempus
768 774 889 869 rnen,
915 776 1097 853 tumenta
1113 769 1261 853 vncura
1279 791 1430 857 nautae:

344 965 350 978 .
463 904 633 980 Anchora
650 901 694 976 de
711 903 854 978 latebris
877 917 980 976 exeat
996 924 1088 976 unca
1106 904 1203 978 suis:

414 1032 546 1107 Omnia
558 1030 627 1125 jam
646 1030 762 1106 ventis
782 1027 863 1102 date
881 1029 1046 1104 carbasa:
1072 1029 1154 1104 dico
1173 1029 1324 1128 Priapus

465 1157 550 1232 hnc
569 1156 694 1247 vobis,
718 1153 865 1230 Bromio
884 1153 932 1230 de
949 1157 1112 1253 genitore
1133 1158 1240 1234 satus.

652 1445 731 1522 VI.
766 1448 949 1533 Maracr
982 1449 1349 1528 Ancrnrann.

417 1737 571 1820 Vincula
587 1750 764 1812 mercator
779 1737 847 1830 jarn
867 1738 967 1812 solve
986 1739 1144 1813 tenentia
1162 1758 1314 1831 navem,

468 1861 649 1961 Plenaque
669 1865 714 1936 da
730 1864 849 1939 medio
870 1865 949 1939 vela
964 1864 1112 1939 ferenda
1126 1866 1226 1939 mari.

415 1988 544 2063 Omnis
563 1992 686 2083 hyems
706 1991 875 2084 discefflt,
899 1991 937 2065 &
953 1991 1190 2068 arridentrhus
1207 1995 1299 2068 auris

464 2113 656 2188 Caeruleus
678 2117 870 2213 Zephyrus
890 2117 1092 2213 pacificavit
1109 2138 1243 2214 aquas:

410 2240 564 2335 ipsaque
581 2243 692 2334 prolis
710 2262 827 2318 amans
846 2244 997 2316 tremulo
1017 2243 1078 2317 fibi
1099 2241 1248 2314 Daulias
1267 2262 1330 2315 ore

467 2365 630 2438 Exstruit
647 2389 693 2440 ex
710 2389 826 2442 coeno
842 2367 1138 2463 straminrhusque
1155 2365 1316 2441 domurn.

291 2510 294 2513 ’
417 2490 547 2566 Fundit
565 2491 694 2566 humus
712 2496 842 2569 flores:
867 2511 904 2567 at
923 2511 989 2585 tu,
1014 2492 1152 2565 suasore
1171 2491 1328 2588 Priape,

467 2618 590 2711 Incipe
607 2619 812 2710 caeruleas,
837 2619 1018 2709 vetabit,
1043 2617 1094 2691 ire
1114 2615 1200 2692 vias.

697 2875 799 2952 VIL
833 2876 1019 2953 Sarrrti
1054 2876 1296 2950 Turrrur.

417 3134 496 3231 Jarn
517 3133 579 3209 sabi
596 3131 641 3207 de
659 3155 776 3211 coeno
795 3136 915 3213 nidum
936 3134 1118 3232 suspendit
1135 3130 1314 3222 hirundo,

470 3262 625 3337 Lenibus
645 3261 878 3357 &Zephyris
896 3267 1007 3341 lintea
1024 3269 1120 3337 mota
1140 3275 1318 3337 tremunta

419 3388 620 3463 Frondibus
635 3389 845 3464 incumbunt
863 3412 927 3483 per
945 3406 1047 3486 prata
1065 3389 1218 3464 virentia
1236 3389 1369 3475 flores,

393 3540 398 3553 ¹
468 3513 540 3603 Et]
566 3533 654 3608 quae
670 3516 863 3588 terrificum
883 3518 1085 3603 clanxerat‚
1110 3512 1206 3588 unda
1225 3511 1314 3585 filet.

420 3641 562 3715 Littore
578 3640 645 3733 jam
665 3639 786 3713 funem
805 3638 997 3727 deducite,
1021 3639 1132 3712 mersa
1150 3636 1309 3710 trahatur

330 3791 339 3798 ·
470 3764 666 3857 Anchora,
691 3766 778 3839 dent
795 3763 868 3838 lari
886 3766 964 3837 vela
981 3765 1097 3838 soluta
1113 3762 1237 3859 pedes

423 3893 571 3967 Littoris
588 3891 675 3966 haec
695 3892 834 3987 praeses
852 3889 958 3965 vobis
976 3888 1105 3964 dietata
1122 3891 1272 3983 Priapus

470 4020 618 4110 Scribe,
643 4019 774 4113 quibus
794 4015 956 4112 quaestus
974 4036 1042 4111 per
1060 4015 1150 4091 vada
1165 4015 1250 4090 salsa
1265 4011 1395 4107 placet.

677 4364 681 4371 Ι
738 4271 1254 4366 VIII.EJusn1rsa.

422 4534 500 4632 Jarn
521 4532 713 4628 Zephyrus
729 4528 909 4625 placidum
926 4527 1105 4624 promittit
1121 4525 1291 4603 euntibus
1307 4542 1465 4621 aequor,

474 4659 616 4733 Florida
638 4659 700 4757 qui
717 4658 791 4733 leni
809 4657 948 4731 flamine
964 4671 1065 4752 prata
1083 4655 1178 4730 ierit.

426 4781 591 4859 Carmine
610 4782 809 4880 Cecropiae
828 4782 994 4859 resonant
1015 4781 1151 4856 diversa
1169 4778 1334 4872 sorores,
1377 4792 1379 4797 '

474 4909 525 4985 Et
543 4910 704 4987 trucibus
721 4909 837 4986 ventis
856 4907 966 4984 libera
988 4906 1081 4982 ridet
1098 4923 1203 5003 aqua.

970 5032 1030 5109 Ee
1056 5054 1078 5132 3

1595 576 1670 635 ΞΜ
