4809 6034
646 573 925 655 *urana
973 574 1323 656 paruero·
1591 594 1667 670 301

706 787 1269 894 stLSruouruum

416 1109 509 1186 Tres
535 1109 721 1187 Diomedis
743 1129 832 1185 anus
855 1106 937 1184 sunt
963 1105 1121 1198 Bocota,
1147 1107 1285 1200 Thais,
1310 1107 1348 1183 &
1371 1109 1547 1208 Euphror

465 1239 590 1313 Naves
615 1257 700 1333 quas
723 1237 858 1334 agitant
886 1255 1040 1330 corpora
1059 1236 1218 1332 quinque
1243 1250 1381 1332 quater.

417 1366 510 1441 Tres
535 1363 618 1436 suut
644 1364 831 1460 naufragio
854 1360 977 1436 nudati
999 1361 1129 1435 tristius
1154 1362 1252 1437 omni

467 1494 503 1564 A
529 1488 643 1563 tribus
668 1488 723 1563 his
758 1488 977 1582 Cleophon',
1009 1487 1165 1581 Apis&
1195 1490 1423 1584 Antagorasr

419 1618 677 1712 Abreptaeque
698 1629 803 1690 rates.
829 1613 945 1687 minus
968 1633 989 1686 a
1008 1612 1134 1686 Sirene
1158 1595 1356 1706 periclurnt

464 1742 535 1815 Fac
560 1742 651 1818 vites
678 1739 831 1817 Veneris
856 1755 965 1816 nauta
986 1738 1226 1817 latrocinium.

738 2055 1271 2134 1H.Nrcaacnu

423 2338 483 2412 Ex
507 2353 610 2412 utero
633 2321 799 2431 turgente
824 2335 1033 2410 Philaenion
1068 2333 1273 2409 Heliodoro

473 2464 673 2537 Femineam
698 2460 836 2556 prolem
863 2461 990 2556 sponte
1014 2463 1086 2537 fine
1110 2475 1185 2536 arte
1210 2458 1323 2536 dedit.

365 2633 370 2638 ·
425 2587 593 2666 Offensus
618 2586 704 2662 sexu
728 2602 831 2682 pater
854 2585 931 2677 est,
964 2585 1036 2658 hoc
1059 2583 1171 2675 vidit,
1205 2587 1325 2683 aitque

472 2713 557 2790 Post
580 2711 641 2784 sex
664 2711 821 2786 illa-dies
844 2713 880 2786 se
908 2710 1085 2808 peperisse
1109 2731 1254 2788 marem.

425 2839 582 2916 Lucinae
604 2834 699 2928 perit
723 2836 838 2910 omnis
861 2836 1000 2911 honos:
1027 2839 1053 2910 fi
1077 2837 1247 2913 matribus
1272 2837 1343 2911 ess‘e

475 2965 535 3040 Sic
557 2962 667 3052 licet,
691 2958 728 3033 in
753 2957 847 3037 divis
870 2962 932 3037 iila
952 2962 1174 3059 supervacua
1197 2961 1265 3035 est.

550 3274 627 3350 IV.
657 3274 881 3356 Erroour
916 3279 1457 3356 Turranium-rerum.
1575 3257 1579 3262 ’

353 3599 364 3615 =
425 3555 507 3631 Lais
531 3572 624 3627 eram
650 3553 993 3646 communisam013
1018 3559 1086 3650 jam
1112 3579 1187 3631 non
1213 3577 1282 3651 ego
1306 3553 1417 3645 Lais,

478 3680 551 3753 Sed
574 3678 888 3776 gravisannorum
913 3680 1053 3774 publica
1078 3680 1155 3753 sum
1179 3679 1356 3755 Nemesis,

425 3801 495 3879 Per
520 3797 725 3895 Venerem,
749 3804 858 3879 solum
882 3825 947 3900 per
971 3804 1007 3877 se
1029 3802 1146 3900 jurare
1171 3807 1315 3902 reliquit

476 3931 580 4027 Quae
601 3931 710 4024 mihi,
733 3949 802 4026 Jam
829 3930 911 4006 Lair
935 3928 1045 4006 Laida
1069 3936 1166 4010 noiie
1191 3952 1302 4030 nego.

798 4246 1228 4321 urucam.
1350 4235 1352 4238 ’

315 4547 319 4550 ·
431 4523 532 4622 Quae
556 4523 657 4618 prius
681 4535 820 4598 auratos
844 4522 941 4598 inter
960 4524 1131 4623 regnabat
1145 4543 1311 4616 amores,

477 4649 560 4722 Nee
586 4648 751 4725 Nerueiir'
770 4649 882 4723 durae
900 4652 980 4746 jura
1004 4652 1145 4727 timeret
1168 4653 1302 4743 herae,

429 4775 591 4868 Paupere
612 4772 681 4868 jam
707 4776 799 4847 teins
817 4779 996 4871 percurrit
1017 4778 1183 4872 pectene:
1211 4777 1333 4849 ferum»

477 4900 537 4975 ne
561 4914 683 4974 tenera
703 4900 860 4998 sporum
885 4903 1047 4999 Cypride
1072 4904 1186 4980 earu
1207 4883 1351 4982 aaoet'

929 5039 992 5135 Pp
1020 5061 1046 5140 3
1433 5037 1514 5118 Vi.
1537 5036 1689 5116 Serre·
