4809 6034
512 617 516 622 ·
622 567 878 653 LIBER
929 563 1402 649 SECUNDUS.

553 798 774 898 XXVIIJ.
818 798 1160 887 Mncu'oourr,
1192 790 1462 874 Cousuurs.

431 1085 465 1159 0
492 1084 610 1160 secura
632 1087 760 1184 quibus
784 1104 889 1160 curae
909 1082 991 1159 sunt
1008 1082 1109 1180 orgia
1133 1081 1290 1177 Bacchi,

477 1212 567 1306 Spes
597 1211 642 1286 de
669 1213 744 1288 vite
769 1214 873 1312 fuget
892 1211 1038 1306 pellore
1068 1210 1288 1307 pauperiem.

430 1340 485 1413 Sit
499 1338 585 1412 mihi
607 1360 675 1434 pro
699 1355 819 1434 patera
843 1317 981 1436 erotem
1003 1338 1070 1413 lint
1089 1311 1184 1411 dolia
1204 1340 1304 1432 juxta
1420 1403 1431 1425 ,

475 1463 693 1559 Praequue,
717 1441 994 1542 laetitia'enulce
1020 1459 1264 1544 ministerium.
1389 1459 1393 1468 ’

426 1588 536 1664 Unde
559 1590 645 1662 mihi
667 1609 775 1665 venas
795 1608 874 1662 cum
893 1571 1058 1684 spumeus
1077 1589 1206 1663 imbuit
1233 1588 1389 1681 humor,
1424 1667 1428 1678 ,

474 1713 575 1787 Bella
601 1712 819 1789 Canastraeis
842 1714 986 1789 horrida
1001 1715 1093 1790 bella
1117 1734 1219 1809 paro.

423 1842 595 1938 Aequora
617 1855 685 1916 nec
710 1855 858 1932 metuo,
882 1839 991 1916 trilidi
1007 1861 1074 1915 nec
1091 1838 1253 1916 fulminis
1273 1843 1402 1942 ignes,

471 1971 641 2044 Armatus
659 1983 812 2042 mentem
835 1969 991 2059 robore,
1018 1964 1182 2068 Bocche,
1208 1968 1288 2043 tuoss

576 2286 742 2364 XXIX.
778 2290 1019 2366 Aonrurr
1050 2287 1427 2390 scuonnsrrcr.

419 2537 578 2653 Maxima
603 2575 686 2651 dum
705 2579 809 2654 nobis
831 2578 958 2653 teritur
975 2571 1175 2669 vindemie,
1199 2577 1284 2652 dum
1307 2599 1398 2674 grex

467 2704 510 2778 ln
532 2702 664 2775 Bacchi
690 2705 1031 2802 numeros·fertque
1061 2705 1254 2802 refertque
1270 2702 1402 2799 pedes:

418 2831 550 2928 Ingens
567 2826 661 2903 unda
687 2834 774 2901 meri
792 2829 1193 2932 dum·profluit‚inque
1220 2828 1337 2922 Lyaei
1433 2843 1435 2848 ·

465 2960 605 3047 Amne,
630 2955 732 3029 velut
754 2957 883 3048 lembi,
908 2959 1026 3054 lignea
1041 2959 1147 3054 pocla
1163 2935 1299 3033 natent.
1349 2995 1356 3006 κ
1496 2957 1499 2964 ’

416 3080 526 3157 Unde
550 3079 649 3156 rudis
673 3084 750 3186 vini
760 3084 864 3160 nobis
895 3083 1081 3157 suffecerat
1098 3082 1268 3175 haustus,

463 3210 518 3282 Ut
541 3206 610 3300 jan
634 3211 686 3282 nil
710 3210 844 3283 calidae
869 3210 1008 3284 Naidos
1026 3213 1110 3285 ellet
1128 3230 1232 3305 opus.

400 3335 590 3410 'Torcular
617 3333 952 3425 superincumbens
979 3336 1139 3412 formosa
1165 3331 1386 3412 Rhodanthe

463 3460 611 3535 irradiat
635 3459 740 3532 roseo
767 3435 878 3533 musta
907 3455 1037 3531 decore
1056 3462 1135 3537 suo.
1189 3445 1194 3452 ’

412 3589 517 3663 Mota
542 3584 643 3658 limul
671 3583 804 3658 cunetis
828 3583 1061 3677 praecordia,
1087 3604 1155 3658 nec
1180 3585 1253 3659 fuit
1277 3584 1390 3677 ullus,
1458 3591 1464 3606 '
1511 3677 1515 3690 .

462 3713 552 3785 Non
580 3707 616 3782 or
643 3710 786 3783 Lenaeo
813 3711 951 3783 sancius
987 3709 1024 3783 δι
1051 3709 1208 3785 Venere.

411 3840 471 3914 Ex
495 3838 550 3910 his
577 3835 638 3910 ille
664 3834 806 3930 quidem
831 3835 865 3909 se
890 3835 1137 3931 suppeditabat
1154 3821 1339 3928 abunde}

463 3963 564 4039 Haec
589 3962 685 4060 spem
710 3959 771 4038 dat
785 3977 941 4055 motum,
963 3980 1220 4062 pmeterenque
1235 3963 1354 4040 nihil..
1511 3999 1514 4008 1
1588 3965 1590 3974 ’

579 4247 722 4371 XXX..
758 4296 999 4387 luceret,
1022 4291 1204 4418 secundum
1227 4295 1407 4393 quosdam)

651 4573 732 4602 „.
801 4518 1206 4602 Pnnrnnnm
1301 4597 1307 4606 ,

266 4859 273 4882 .
403 4804 470 4879 Nil
494 4825 562 4902 ego
585 4826 793 4902 peccaram,
820 4827 898 4883 cum
921 4827 976 4884 me
999 4830 1159 4906 genuere
1184 4824 1379 4912 parentes,
1447 4855 1452 4864 ·
1549 4807 1552 4817 '

458 4931 538 5029 Jem
564 4932 714 5032 genitus
738 4931 836 5030 Ditis
853 4933 975 5012 limina
991 4937 1114 5012 versus
1138 4956 1196 5014 eo.

960 5063 1100 5162 Tttg
