4809 6034
472 584 475 593 ,
626 538 1542 624 PRoolloonlllmns
1646 572 1742 629 xvm

380 743 484 820 etiam
513 752 628 818 vacet.
681 738 733 815 Et
756 736 859 829 cujus
888 736 1011 831 potius
1034 737 1106 813 hoc
1138 750 1322 835 tempore,
1349 758 1456 837 quam
1488 736 1633 816 Claudii
1661 694 1737 819 Sal·

379 898 496 990 masii,
521 895 654 1003 viriin
678 893 733 969 his
757 891 880 967 studiis
908 891 1184 985 eminentissimi,
1211 893 1248 969 dc
1278 894 1342 990 qui
1366 891 1487 997 huius
1502 914 1633 991 operae
1655 897 1736 993 'pri-

378 1064 461 1139 dem
483 1077 529 1145 ex
559 1048 796 1145 chirographo
828 1049 974 1144 publico
1009 1048 1060 1124 est
1085 1047 1250 1142 debitor,
1282 1051 1450 1148 nnulque
1477 1037 1631 1130 addendi
1662 1074 1733 1139 ma·

378 1235 482 1316 gnam
508 1209 794 1307 epigrammatum
821 1206 974 1281 aliorum
1009 1206 1148 1301 copiam
1171 1228 1218 1282 ex
1245 1206 1313 1300 iis,
1338 1207 1488 1304 quasin
1517 1207 1734 1286 bibliotheca
1866 1176 1869 1185 Δ

375 1373 533 1453 Palatina
558 1363 674 1455 vidit,
708 1360 980 1439 collectionibus
1004 1361 1184 1458 antiquis,
1226 1363 1403 1461 Meleagri
1428 1364 1616 1460 primum,
1649 1361 1750 1461 inde¹

375 1523 557 1628 philippi,
587 1515 717 1594 deinde
742 1517 927 1612 Agatblae.
953 1516 1050 1592 Nam
1083 1538 1177 1615 quoe
1200 1520 1347 1616 vulpem
1372 1521 1424 1595 eil
1455 1518 1660 1611 hedenus,
1694 1519 1732 1596 dc

375 1704 482 1784 quam
509 1698 579 1754 nor
599 1673 659 1749 hic
685 1672 820 1748 versam
851 1671 1084 1764 exhibemus,
1126 1673 1339 1751 aMaximo
1362 1673 1522 1750 Planude
1553 1676 1625 1769 est,
1668 1674 1731 1772 qui

375 1862 422 1916 ert
448 1837 562 1912 tribus
584 1828 654 1904 illis
679 1825 804 1924 selegit
825 1846 917 1924 quae
941 1828 1084 1921 voluit,
1107 1829 1219 1926 inque
1244 1828 1357 1905 libros
1377 1828 1531 1925 septem,
1557 1830 1595 1906 dc
1613 1831 1732 1927 dispo·

375 1996 460 2071 litos
483 1988 664 2063 literarum
691 1981 815 2061 ordine
842 1981 994 2064 titulos.
1024 1981 1170 2081 digessit.
1214 1981 1424 2061 *Consrlium
1459 1984 1609 2073 Planudi
1636 1986 1732 2078 fuit,

376 2145 539 2221 omittere
558 2136 726 2234 plebeia,
751 2136 865 2233 quilia
892 2153 1011 2217 tamen
1033 2136 1171 2232 judicio
1194 2137 1370 2234 deceptus
1393 2138 1539 2236 reliquit
1555 2164 1630 2223 non
1648 2162 1733 2236 patr·

375 2312 439 2375 oa:
465 2296 621 2375 lesum
650 2293 781 2391 imple,
807 2292 1007 2389 cutunoot
1030 2291 1152 2371 ionem
1182 2295 1382 2385 nonnum,
1412 2272 1617 2389 presertim
1639 2293 1732 2373 Dm

375 2455 477 2552 genis
500 2449 633 2529 [nertii
655 2447 692 2523 de
710 2447 896 2540 Pulsum,
920 2450 1141 2545 ignorantem
1156 2464 1219 2524 aot
1246 2471 1322 2529 non
1343 2451 1588 2529 observantem
1608 2449 1734 2535 transi·

374 2622 512 2689 crunt:
556 2624 723 2709 amovere
750 2622 947 2700 quoquea
981 2602 1183 2699 iuventutis
1208 2606 1322 2682 oculis
1355 2607 1540 2684 obscaena.
1592 2606 1643 2682 Et
1665 2605 1733 2681 hu·

374 2763 433 2860 ius
458 2778 573 2837 tamen
594 2759 720 2841 census
739 2758 934 2855 quaedam,
961 2757 1022 2835 ssi
1044 2761 1230 2858 figuratius
1253 2761 1347 2839 dieta
1369 2762 1599 2857 irrepserunt.
1650 2760 1734 2860 Epo

374 2919 413 2997 in
438 2916 563 2993 alieno
581 2934 690 3007 opere
718 2910 808 2988 nihil
837 2911 943 2987 ausus
968 2914 1045 2989 sum
1073 2915 1253 2993 omittere.
1307 2915 1453 2995 Ledori
1477 2930 1590 3012 opt0,'
1621 2928 1663 2991 ut
1686 2913 1733 2989 sic

372 3094 419 3155 ee
440 3073 536 3169 legat
549 3121 566 3161 ,,
606 3067 692 3159 licut
726 3066 919 3145 Menandri
957 3069 1129 3149 Thaidem
1160 3070 1291 3147 Paulus
1329 3071 1542 3168 Apostolus.
1598 3066 1731 3147 videat

373 3244 457 3300 curn
479 3223 634 3311 dolore,
663 3235 839 3316 quantum
867 3221 990 3299 luxata
1025 3223 1137 3300 sumit
1162 3227 1268 3301 etiam
1294 3228 1495 3320 intereos,
1537 3224 1603 3325 qui
1627 3220 1733 3301 Chri·

375 3379 476 3481 lilani
492 3377 729 3467 videbantur,
756 3374 964 3475 disciplina,
989 3400 1071 3453 cum
1092 3380 1174 3457 talia
1192 3381 1443 3460 scriberenmr.
1494 3381 1604 3479 Epo,
1628 3375 1733 3474 quid·
1859 3361 1861 3363 ’

374 3531 571 3631 quidmilri
594 3530 637 3604 ab
656 3527 825 3621 injustiis
848 3530 1029 3607 laboribus
1058 3533 1233 3627 mperfuit
1259 3535 1453 3629 temporis,
1485 3533 1524 3604 id
1550 3530 1621 3604 illis
1645 3529 1731 3605 sem·

371 3672 437 3784 per
460 3682 727 3773 ooledamentn
749 3680 906 3778 quaesivi
939 3679 1175 3775 impendere,
1215 3705 1307 3782 quar
1330 3689 1375 3764 ab
1407 3686 1560 3763 utilitate
1584 3683 1728 3782 publica

206 3942 211 3947 ἱ
371 3860 448 3915 non
472 3840 615 3932 nimium
638 3838 885 3915 abscederent.
937 3836 1042 3913 Talia
1073 3853 1194 3914 autem
1228 3841 1289 3916 vel
1320 3841 1470 3917 maxime
1497 3861 1538 3915 ea
1574 3841 1642 3915 elie
1674 3839 1731 3936 ju·

374 3994 523 4115 dicari,¹
565 4014 658 4115 quae
699 3992 763 4069 sub
795 3993 939 4068 mellitis
972 3995 1088 4069 veluti
1122 3995 1316 4077 verborum
1350 3995 1513 4073 crustulis
1540 3993 1729 4092 sapientiae

373 4136 563 4259 praecepte
587 4171 658 4231 nec
692 4149 857 4225 sentienti
886 4148 1074 4244 juventuti
1098 4150 1315 4250 ingererent
1368 4150 1453 4226 Hoc
1485 4150 1605 4225 animo
1637 4166 1730 4247 quae

376 4306 566 4397 Petitarum
594 4303 688 4381 ditia
705 4305 798 4402 apud
813 4294 815 4299 ’
831 4304 1025 4383 stobaeum
1049 4307 1189 4385 exstant
1216 4305 1255 4381 dc
1285 4305 1503 4381 correximus
1530 4307 1569 4382 dc
1601 4303 1728 4381 Latina

376 4458 549 4536 dedimus.
586 4460 821 4539 Praestitimus
847 4460 941 4537 idern
967 4463 1005 4555 in
1039 4463 1107 4556 ils,
1143 4482 1233 4562 quae
1267 4460 1375 4560 digna
1405 4461 1506 4560 infigi
1540 4456 1730 4535 memoriae
1870 4530 1880 4559 s

376 4616 472 4715 ²1²ud
497 4619 658 4715 ΕΜ
684 4616 964 4718 ngoediamm
989 4616 1336 4716 Comoediatumqoe
1359 4617 1550 4719 scriptores
1585 4633 1728 4713 repere·

1087 4771 1157 4812 ”⁸
1680 4786 1733 4841 ra·
