4809 6034
719 488 977 590 orara
1026 458 1361 592 ramus.
1675 536 1728 617 57

458 728 525 808 Nil
548 729 655 828 igitur
680 731 789 808 satius
821 753 926 831 quam
951 755 1134 834 nunquam
1157 758 1303 817 cernere
1325 739 1464 835 lucem,

506 856 604 950 Vel,
626 854 955 983 modohaconspeera
969 859 1077 953 luce,
1101 878 1251 960 repente
1277 865 1381 944 mori.
1560 924 1562 931 >
1618 902 1620 911 t

729 1135 807 1212 lv.
851 1137 1319 1213 Mrraoooar.

889 1264 926 1335 ia
954 1261 1170 1338 Contrarium.
1440 1244 1444 1255 ’

457 1518 629 1622 Quamvis
650 1518 744 1594 sume
760 1517 824 1595 obi
847 1516 969 1593 votam}
993 1518 1074 1593 fora
1098 1513 1234 1613 rogita
1257 1498 1372 1592 roais

503 1644 678 1720 Attibus:
704 1660 741 1719 at
762 1646 902 1741 requies
927 1644 980 1720 est
1010 1640 1068 1719 sua
1086 1642 1215 1739 cuique
1242 1641 1384 1720 domus.

428 1772 573 1847 ·Lucra
598 1770 685 1844 man'
711 1770 854 1866 capies,
877 1789 1025 1847 naturae
1043 1789 1191 1845 munera
1219 1769 1312 1845 ruri:

504 1897 579 1997 Qui
603 1896 746 1994 peregri
778 1895 932 2002 vivunt,
956 1896 1012 1973 his
1032 1894 1070 1970 δι
1086 1895 1217 1971 habere
1235 1894 1360 1987 decus,

453 2025 504 2101 Et
527 2045 595 2099 nec
617 2022 747 2099 habere
760 2022 886 2114 lubet,
909 2037 983 2099 tum
1011 2019 1117 2097 dut0ta
1135 2021 1291 2120 conjuge
1309 2043 1367 2099 res
1390 2021 1443 2098 est

501 2149 552 2224 Et
573 2168 703 2245 genus:
728 2146 767 2223 in
787 2146 860 2221 vita
884 2147 1024 2224 coelibe
1047 2147 1138 2223 liber
1162 2147 1244 2225 eris.

449 2274 613 2352 Patribus
636 2272 710 2364 est,
733 2271 835 2369 quod
859 2286 999 2349 ament:
1025 2274 1118 2349 curis
1139 2286 1236 2347 caret
1255 2272 1388 2366 orbus3
1412 2273 1451 2350 &
1469 2290 1565 2355 aetas

501 2402 592 2476 Tam
617 2397 735 2475 valida
757 2397 809 2472 est
831 2398 1004 2494 juvenum
1027 2418 1137 2496 quam
1158 2396 1360 2473 veneranda
1383 2399 1518 2478 senum.

452 2529 542 2606 Non
560 2526 613 2602 est
630 2546 695 2599 cur
712 2524 821 2622 igitur
844 2541 964 2604 natum
988 2547 1063 2601 non
1087 2527 1156 2602 effe
1179 2523 1342 2617 morive,

505 2654 698 2753 Exoptesr
714 2652 821 2750 plena
844 2649 895 2725 est
919 2648 1080 2747 undique
1103 2650 1178 2727 vita
1200 2650 1319 2729 bonis.

808 2923 1247 3004 murmur.

455 3182 584 3259 Omnia
604 3182 747 3260 mortali
771 3185 935 3260 mortalia
947 3182 966 3260 ε’
986 3196 1218 3282 praetereunt
1241 3204 1321 3278 res,

377 3312 381 3317 ’
503 3311 583 3386 Aut
602 3310 712 3386 homo
736 3333 819 3404 tes,
843 3314 918 3390 vita
935 3325 1211 3410 praetereunte,
1233 3308 1340 3408 fugio

770 3528 1298 3678 vorrrrroar.

449 3838 579 3918 Nudos
600 3841 638 3917 in
662 3804 756 3916 ha'nc
778 3838 865 3920 veni
887 3838 1074 3928 tellurem,
1098 3832 1219 3912 nudus
1238 3833 1369 3912 abibo:
1433 3802 1436 3805 Δ

497 3969 595 4073 Quid
621 3970 741 4070 satago
766 3967 904 4047 nudum
927 3982 1033 4044 natus
1052 3962 1097 4041 ad
1121 3961 1301 4038 exitium?

776 4237 1270 4336 vltssJusnro.
1386 4256 1388 4260 ³

451 4495 646 4595 Navigium
671 4497 746 4574 vita
770 4480 822 4574 est
846 4517 938 4597 quae
962 4491 1232 4591 tempestatrous
1254 4485 1355 4566 astos

499 4622 698 4720 Naufragio
724 4626 824 4723 cogit
849 4644 925 4701 non
948 4622 1085 4699 leviora
1104 4621 1191 4716 pati.

453 4746 614 4826 Fortuna
638 4752 780 4828 clavum
802 4747 1010 4826 moderante
1032 4747 1206 4825 volubilis
1227 4744 1331 4840 aevi,

488 4876 689 4974 Romus,
713 4877 828 4957 veluti
850 4878 916 4978 per
939 4872 1030 4954 vada
1052 4872 1149 4948 vasta
1170 4871 1287 4951 maria
