4809 6034
617 585 868 671 LIBER
918 581 1425 665 sucuNnuss

1591 584 1672 675 401

412 817 502 893 Non
536 813 574 890 δι
598 814 643 891 rb
667 813 921 893 Andromache
943 811 1049 908 potui
1071 803 1278 907 discedere3
1305 830 1385 889 nrm
1414 809 1477 889 lex
1596 867 1600 876 .

460 942 544 1018 Hoc
569 939 679 1018 Italae
703 942 845 1048 gentis,
880 940 1071 1038 chartaque
1097 941 1228 1038 scripta
1251 953 1361 1056 vemt.

620 1200 696 1315 Vl.
729 1179 1000 1281 ll-ueomc'r
1031 1201 1360 1293 Beuuronn,

800 1410 838 1469 ut
855 1398 950 1492 ponit
972 1391 1177 1471 Aruernus.

408 1651 552 1749 Vulgus
576 1637 770 1724 Aristarchi
791 1649 987 1748 pavidum,
1018 1654 1118 1760 uelut
1138 1653 1330 1740 hinnulus,
1354 1647 1404 1722 it'e

455 1778 604 1852 Finibus
628 1798 648 1849 e
675 1776 822 1853 Graecis
846 1777 891 1853 ad
917 1778 1005 1855 vada
1026 1779 1109 1855 salsa
1129 1776 1259 1887 maris:

407 1902 752 2000 Angulibombices,
777 1904 880 2002 queis
906 1905 990 1981 sunt
1011 1904 1260 1999 monosyllaba
1287 1902 1391 1979 cordi

452 2026 558 2119 Gau,
583 2029 685 2119 coel,
710 2048 802 2126 quae
828 2029 941 2105 Rudii
964 2046 1112 2127 gutture
1135 2030 1226 2105 dura
1248 2041 1407 2124 crepant.

408 2153 489 2226 Sint
513 2152 593 2227 satis
616 2155 703 2227 haec
727 2156 856 2246 vobis,
881 2159 1039 2245 mnrofi,
1063 2154 1181 2247 diiia3
1202 2152 1262 2228 sed
1287 2153 1390 2241 Hyes

454 2277 505 2352 Et
527 2279 632 2377 virgo
657 2280 821 2372 Babylon
845 2281 973 2355 floreat
998 2277 1183 2356 Herodlci.

646 2537 1332 2616 VH.Aaorn1unnru

406 2789 660 2866 Grammaticus
684 2790 811 2883 tardo,
833 2793 904 2891 (fic
926 2794 1021 2872 fama
1042 2791 1118 2888 est)
1141 2794 1270 2872 vestus
1292 2790 1398 2871 asello

452 2914 622 3007 Excidit,
646 2931 752 3013 atque
778 2917 852 3013 ejus
877 2918 1026 3013 peliore
1052 2920 1301 2997 Grammatica.

403 3038 467 3114 Ex
489 3040 579 3134 illo,
607 3060 853 3141 quaecumque
874 3047 952 3121 aliis
978 3044 1174 3123 limaverat
1194 3029 1307 3140 ante,

454 3167 618 3259 Nesciit,
644 3169 683 3244 δι
706 3168 811 3269 vulgi
832 3190 915 3266 pars
940 3171 1041 3249 rudis
1058 3172 1133 3271 ipse
1158 3174 1243 3252 fuit.

250 3299 254 3314 ‘
400 3291 589 3370 Diversum
613 3297 743 3372 sortem
770 3299 876 3374 senfit
899 3300 1036 3390 Glyco.
1060 3317 1142 3372 cum
1165 3300 1264 3370 foret
1288 3318 1420 3396 expers

452 3419 658 3495 Communis
683 3422 852 3517 linguae,
875 3442 950 3494 non
973 3420 1084 3495 modo
1112 3420 1389 3515 Grammaticae,

396 3543 534 3618 Veelus
562 3543 601 3618 ἀ
625 3544 801 3621 interdum
827 3545 974 3639 Libycis
997 3544 1163 3642 delapsus
1179 3547 1298 3624 asellis

449 3670 572 3746 Evafit
595 3670 738 3767 subito,
763 3673 923 3764 cernite,
952 3671 1227 3752 Grammaticus.
1307 3710 1311 3718 ·

700 3885 833 4036 urar}
877 3930 1258 4010 ruerem.

400 4183 591 4261 Turonis
617 4184 754 4300 Paridis
778 4190 868 4261 mala
893 4189 1026 4267 disseris
1051 4191 1089 4264 δι
1115 4189 1299 4282 Menelai,

444 4309 499 4385 At
522 4325 583 4388 tua
605 4331 681 4387 nun
701 4331 775 4386 uno
799 4332 880 4387 cum
905 4312 1031 4389 Paride
1056 4313 1108 4389 est
1135 4313 1289 4392 Helena.

742 4567 818 4645 IX.
859 4571 1089 4651 Lucrn
1115 4594 1146 4648 rr
1171 4594 1201 4651 r.

396 4824 633 4902 Grammatica
656 4850 680 4903 ο
706 4826 824 4923 salve,
849 4827 1018 4908 donatrix
1042 4829 1151 4940 Musa
1175 4828 1319 4906 salutis:
1462 4831 1466 4836 ’

442 4952 534 5029 Iram
558 4953 656 5039 Diva
680 4953 799 5054 refer,
823 4975 904 5044 nam
928 4956 1104 5034 medicina
1128 4968 1191 5033 tua
1215 4954 1279 5032 eli

966 5082 1061 5161 Eee
1168 5081 1173 5085 ’
