4809 6034
675 741 738 844 se,
769 759 880 851 atque
908 745 953 830 iis
969 743 1146 829 auxillum
1170 740 1317 846 tulisle3
1343 767 1432 830 cum
1450 742 1597 852 saepius
1612 746 1658 831 iis
1675 765 1803 831 veram
1824 746 2034 837 lectionem

675 887 906 994 restituerit,
953 891 992 973 δι
1028 890 1136 995 quod
1174 889 1312 972 mirum
1345 889 1466 976 videri
1500 890 1619 975 debet
1659 914 1936 1003 nonnunquam
1966 916 2033 1001 ea,

673 1054 772 1138 quae
797 1029 937 1117 Graeci
969 1030 1127 1136 quidem
1147 1027 1278 1114 dicere
1297 1034 1522 1136 voluerunt,
1554 1057 1636 1117 non
1658 1053 1785 1118 autem
1804 1050 2033 1139 potuerunt,

673 1174 805 1259 divino
841 1173 907 1257 suo
940 1173 1096 1283 ingenio
1133 1174 1301 1258 breviter
1328 1176 1367 1260 dt
1395 1179 1587 1287 eleganter
1613 1169 1862 1285 expresserit.-
1903 1172 2033 1285 Quare

671 1339 722 1399 ne
752 1317 975 1426 exspectes,
1013 1315 1062 1399 de
1091 1316 1228 1422 quibus
1246 1316 1285 1399 in
1305 1316 1559 1425 descriptione
1586 1319 1844 1427 Anthologiae
1863 1314 2032 1402 Graecae

670 1459 844 1544 edendae
871 1459 1107 1558 mentionem
1128 1455 1316 1562 fecimus,
1343 1462 1502 1546 aliomm
1521 1483 1742 1573 magnorum
1761 1461 1934 1573 virorum
1946 1486 2033 1547 veo

668 1602 793 1685 stones
821 1598 987 1686 Latinae.
1047 1595 1264 1706 Nunquam
1300 1626 1362 1686 eas
1389 1626 1483 1689 cum
1510 1602 1707 1690 Gnorrt
1734 1600 1907 1687 verfione
1928 1612 2034 1685 com·

587 1738 592 1747 “
669 1746 920 1853 paravimus,
968 1741 1060 1850 quin
1102 1744 1214 1831 nobis
1246 1749 1494 1851 apparuerit,
1542 1745 1813 1833 Gnosium
1852 1743 1899 1828 ad
1935 1744 2032 1829 hanc

666 1864 748 1972 rem
775 1892 877 1975 bene
897 1876 1079 1998 agendam
1105 1890 1220 1972 unice
1239 1883 1352 1973 suffe
1372 1907 1527 1973 natum:
1557 1891 1640 1993 alii,
1661 1905 1713 1971 ut
1730 1885 1810 1994 ipse
1827 1882 2031 1989 Ausonius,

563 2062 567 2069 ·
665 2010 864 2116 nonnulla¹
878 2048 1024 2116 tantum
1043 2033 1332 2142 epigrammata,
1360 2031 1406 2116 ad
1429 2053 1527 2138 quae
1548 2029 1684 2114 Latine
1702 2026 1895 2114 reddenda
1913 2026 2032 2135 sepa·

667 2192 728 2255 res
754 2172 834 2260 else
861 2177 1075 2284 putabant,
1115 2173 1184 2260 sabi
1210 2174 1427 2285 elegerunt,
1475 2170 1603 2281 neque
1632 2173 1709 2291 hoc
1741 2170 1864 2255 modo
1904 2169 2032 2255 Gan·

667 2334 824 2419 attunt,
856 2295 934 2421 'qui
963 2336 1097 2401 eorum
1116 2319 1289 2401 omnium
1317 2317 1531 2403 versionem
1559 2318 1601 2400 in
1635 2313 1675 2397 se
1704 2311 1891 2418 litsceplt,
1924 2312 2032 2397 adae-

663 2480 783 2564 quare
799 2477 1019 2565 potuerunt.
1077 2458 1196 2568 Quod
1216 2462 1258 2545 in
1277 2455 1324 2534 iis
1345 2454 1692 2556 observationibus,
1722 2452 1761 2536 u
1787 2453 1912 2554 notis,
1940 2478 2031 2560 quas

667 2572 839 2684 &auu
851 2620 977 2684 soar
989 2625 1003 2682 1
1015 2602 1018 2607 ⁴
1030 2582 1308 2706 praefationem
1342 2594 1605 2703 explicandam
1626 2594 1666 2678 δι
1684 2594 1856 2700 inprimis
1867 2594 1917 2678 ad
1933 2595 2030 2682 haec

666 2711 943 2850 Epigrammata
961 2739 1173 2824 illustranda
1194 2756 1307 2844 atque
1334 2737 1570 2820 emendanda
1589 2736 1657 2820 suo
1675 2754 1847 2841 tempore
1867 2734 2030 2842 prodere

665 2879 880 2985 statuimus,
928 2884 993 2986 ei,
1051 2881 1116 2992 qui
1154 2882 1289 2966 hantm
1339 2901 1464 2965 retum
1513 2882 1737 2990 cognitione
1790 2874 2036 2984 delectatur,

665 3023 903 3109 manifestum
936 3023 1017 3110 lien

548 3272 550 3279 y
720 3164 864 3252 Fruere
885 3170 943 3252 his
958 3170 1083 3275 itaque
1104 3169 1252 3270 lector,
1281 3168 1321 3251 dt
1335 3164 1537 3248 nobiscum
1564 3163 1624 3249 D,
1650 3162 1703 3252 Ο.
1732 3163 1799 3250 Μ.
1824 3161 2028 3249 silenum·

521 3356 531 3374 κ
664 3312 735 3392 mla
748 3311 929 3416 precibus
945 3333 1034 3415 ora,
1062 3328 1105 3393 ut
1122 3308 1474 3415 patriae,externis
1488 3326 1529 3391 et
1541 3309 1699 3393 internis
1716 3310 1821 3392 malis
1838 3308 1951 3391 nimis
1964 3304 2031 3389 diu

663 3424 926 3556 conquassatae
954 3454 995 3536 δι
1014 3448 1236 3559 oppressae,
1266 3449 1479 3553 succurrat,
1507 3462 1671 3556 pacem,
1700 3454 1740 3537 aa
1765 3467 1937 3534 mutuam
1954 3446 2033 3526 ani·

664 3614 811 3675 morum
840 3591 1182 3688 benevolentiam,
1224 3610 1380 3690 tamque
1426 3590 1670 3670 necessarium
1710 3592 1804 3669 illud
1828 3585 1875 3667 ad
1903 3604 2029 3665 mores

659 3706 915 3817 emolliendus
929 3732 969 3816 dc
981 3727 1471 3813 formandoshumaniomm
1491 3726 1702 3812 litterarum
1720 3725 1917 3827 studium,
1945 3746 2028 3830 quo

663 3873 921 3985 sequendam
955 3870 1095 3984 Belgae
1122 3873 1299 3955 omnibus
1332 3867 1550 3953 nationibus
1579 3869 1870 3974 probaverunt,
1916 3867 2028 3952 redu-

664 4037 738 4105 cat.

788 4321 1487 4428 sententiamsenitentiam
1519 4316 1653 4407 maan
1688 4339 1812 4428 1795.
1918 4284 1919 4287 ’

1060 4627 1531 4720 HIE‘RONYMUS
1574 4652 1638 4715 ne
1690 4610 1913 4714 BOSCH.

1902 5010 2025 5102 HU-
