4809 6034
673 551 1312 668 eruuuuuruua

657 789 1284 903 'xxt11.EJurnnrr,

750 1087 754 1096 .
903 1024 944 1103 dr
969 1026 1090 1105 rodem.

415 1284 550 1363 Navita
576 1302 644 1359 nec
667 1283 810 1358 cursum
833 1283 949 1375 istas,
974 1304 1042 1359 nec
1067 1285 1207 1361 carbasa
1229 1286 1348 1366 solvar

400 1449 406 1454 ·
461 1413 528 1485 Me
551 1421 724 1504 propter,
749 1425 877 1504 portus
904 1393 1179 1504 pulverulentus
1203 1396 1298 1509 eqo,

415 1541 464 1615 Et
487 1534 658 1611 tumulum
683 1532 734 1606 nil
751 1547 905 1627 praeter.
931 1532 989 1606 adi
1012 1534 1092 1606 loca
1114 1536 1207 1610 laeta
1229 1537 1387 1616 ferendis

460 1661 625 1737 Navibus
652 1658 690 1731 δι
714 1677 847 1732 remum
874 1678 967 1755 quae
990 1660 1170 1756 patiantur
1186 1681 1307 1758 aquas.

415 1790 560 1891 Quippe
583 1787 631 1859 ita
658 1783 835 1876 Neptuno
859 1784 995 1880 placuit
1020 1785 1254 1880 superisque.
1280 1787 1394 1864 valete
1435 1881 1440 1890 ,
1584 1817 1591 1825 ·

464 1913 543 1989 Vos
567 1908 676 2002 mihi,
702 1908 806 2005 queis
830 1907 933 1984 terris
958 1909 1010 1982 est
1035 1908 1093 1984 via
1117 1910 1291 2009 queisque
1314 1913 1414 1991 mari.

643 2164 812 2241 XXIV.
854 2170 1089 2246 Auroutt
1130 2166 1343 2245 Auorvr.

415 2427 481 2503 Illa
506 2444 574 2520 ego
597 2419 785 2516 penniferi·
798 2421 934 2495 fueram
958 2442 1051 2519 quae
1074 2420 1170 2518 regia
1195 2422 1339 2513 Persei,

462 2544 644 2645 Progenui
668 2543 759 2619 fidus
784 2565 877 2641 quae
901 2548 990 2639 tibi,
1018 2547 1155 2642 Troia,
1178 2549 1333 2623 malumt
1390 2637 1394 2643 .

416 2678 622 2772 caprigeno
646 2668 820 2746 stabulum
842 2673 967 2765 pecori
989 2670 1183 2746 miseranda
1207 2672 1415 2770 relinquor,

412 2808 425 2827 ·
459 2799 529 2878 Dis
553 2795 683 2875 Priami
705 2816 842 2894 poenas
865 2795 944 2873 sero
969 2812 1092 2874 coacta
1116 2796 1214 2873 dare.

636 3114 1376 3211 atruuuannr

415 3898 612 3986 veluus,
638 3893 767 3991 uulgus
791 3892 863 3984 ait,
886 3897 1001 3996 veteri
1022 3897 1206 3986 sermone,
1229 3909 1419 3974 nocentem

463 4022 653 4097 Mordeat:
677 4020 717 4094 id
740 4040 864 4096 verum
887 4020 1029 4116 sortiter
1056 4024 1125 4098 effe
1150 4042 1258 4119 nego.

415 4147 584 4224 Mordeat
606 4147 678 4222 imo
702 4148 819 4238 bunos
842 4148 901 4222 vel
924 4168 1003 4224 tnus
1029 4151 1158 4244 quibus
1181 4150 1255 4222 otia
1278 4148 1402 4225 cordi:

462 4270 631 4350 Mordeat
654 4273 729 4368 ipse
752 4273 864 4346 malos
887 4291 954 4345 nec
977 4270 1109 4345 draco:
1135 4273 1272 4368 quippe
1296 4275 1409 4350 timet.

588 4551 597 4564 ·
740 4525 1254 4605 H.Punrnnnn

422 4784 461 4880 Si
484 4787 576 4864 bene
600 4782 794 4859 succedunt
826 4783 1012 4860 homicidis
1037 4785 1179 4876 omnia,
1203 4786 1312 4860 miror

466 4909 557 4988 Non
579 4931 668 5011 egot
693 4906 864 5007 dispofitu
887 4930 943 4985 res
970 4909 1071 4984 venit
1089 4907 1153 4983 ista
1171 4909 1287 5007 Jovis.

368 5033 372 5040 .
990 5033 1054 5130 Pp
