4809 6034
684 559 962 647 alama
1007 559 1342 645 PRIMUS.
1648 578 1701 660 49

783 756 887 901 JV
937 758 1230 834 Arcaea

443 1025 670 1102 Multiforem
693 1025 830 1135 socians
854 1027 955 1102 vocis
971 1028 1209 1105 modulamine
1223 1030 1362 1121 lotum,

493 1153 704 1227 Dorotheus
729 1151 853 1227 laudes
886 1140 1152 1232 concelebravit
1178 1150 1294 1252 equi,

443 1282 599 1377 Fataque
618 1277 707 1357 dura
723 1279 930 1376 Phrygum,
957 1282 1183 1382 Semcleaque
1202 1283 1240 1356 in
1257 1279 1407 1357 fulmine
1425 1292 1584 1374 partum:

492 1409 635 1506 Quanta
664 1407 779 1481 viriam
806 1404 973 1482 illecebra
990 1409 1066 1499 est,
1089 1423 1221 1504 quanta
1238 1405 1357 1479 secuta
1373 1406 1519 1481 Venus!

445 1532 553 1609 Unus
573 1531 632 1604 hic
648 1553 694 1605 ex
718 1550 882 1621 numero,
902 1545 962 1609 tot
977 1532 1085 1609 habet
1099 1548 1187 1631 quot
1207 1532 1309 1605 scena
1327 1531 1530 1625 ministros,

491 1657 631 1755 Effugit
648 1678 806 1751 pennas,
831 1657 994 1752 improbe
1022 1658 1174 1747 Mome,
1200 1672 1293 1732 tuas.

446 1785 596 1859 Sosrclec
613 1799 715 1880 pater
740 1784 816 1876 est,
842 1784 990 1861 Thebae
1015 1782 1167 1861 domus:
1193 1781 1280 1856 aede
1300 1783 1436 1875 Lycaei

495 1910 605 1987 Nunc
628 1911 736 1988 fessus
754 1914 908 1987 calamos
925 1890 1111 1985 consecrat
1126 1925 1234 2010 atque
1250 1907 1352 1984 fides.

798 2200 849 2276 V.
893 2202 1025 2297 EJu
1051 2223 1070 2277 s
1096 2224 1124 2277 o
1149 2225 1175 2277 u
1200 2226 1258 2294 m,
1354 2252 1358 2257 v

668 2382 672 2397 .
730 2328 766 2397 in
777 2322 987 2417 fimaturam
1005 2327 1172 2425 Marjyae
1189 2325 1315 2426 Satyri.

450 2578 538 2653 Non
559 2578 740 2691 tPhrygiae
765 2577 914 2673 posthac
941 2593 983 2653 tu
1007 2600 1074 2677 per
1100 2574 1225 2673 pineta
1253 2576 1418 2671 sonabis,

497 2705 700 2815 Multiforis
726 2707 866 2802 fingens
893 2724 1035 2785 carmen
1062 2704 1311 2782 arundinibus.

446 2827 529 2903 Nec
556 2847 618 2906 tua
641 2834 834 2909 Palladium
850 2804 1106 2906 iaciet‘manus
1125 2847 1209 2926 apta
1229 2844 1414 2927 repertum
1543 2816 1548 2821 ’

495 2954 654 3051 Vivere,
680 2959 888 3048 Musarum,
913 2956 1080 3050 Marsya,
1104 2955 1309 3056 progenies.

447 3080 532 3156 Heu
542 3105 655 3183 *quam
674 3086 763 3161 dura
780 3106 904 3161 manus
919 3084 1098 3181 stringunt
1113 3083 1179 3158 tibi
1198 3082 1343 3177 vincla,
1366 3077 1467 3182 quod
1484 3079 1591 3162 ausus
1728 3122 1738 3139 ·

496 3210 554 3284 Te
577 3215 736 3318 mortalis
762 3235 839 3289 eras
854 3209 1085 3309 aequiparare
1115 3210 1213 3288 Deo,

449 3334 502 3408 At
530 3350 655 3415 tenues
682 3339 823 3416 citharis
843 3353 1020 3441 certantes
1048 3337 1201 3413 carmine
1227 3338 1320 3413 loti.

493 3459 566 3536 Pro
591 3464 658 3540 tibi
679 3464 814 3560 sperata
843 3462 975 3539 fronde
1000 3464 1111 3540 tulere
1128 3483 1268 3541 necem.

582 3686 1352 3829 xrrauuusurr.

759 3996 764 4003 ’
844 3996 914 4091 De
955 3942 1220 4110 frugalitate.
1252 3954 1255 3959 Ι
1337 3998 1344 4005 “

949 4242 971 4283 0

367 4368 374 4375 ,
524 4296 529 4301 ’
620 4306 1441 4401 1.Pauu1au10urs,Macrnou1s.

453 4555 622 4634 Sat-mihi
640 4559 824 4653 palliolum
846 4582 913 4657 pro
938 4564 1117 4667 tegmine:
1145 4583 1221 4643 non
1242 4583 1312 4661 ego
1334 4561 1463 4639 mentis

497 4683 645 4774 servio,
669 4686 734 4785 qur
757 4687 880 4789 pascor
910 4674 1060 4795 uocaus
1078 4690 1301 4789 nonaum.⁴
1330 4666 1358 4681 ⁴*

451 4809 569 4885 Triste
595 4807 632 4883 δι
656 4800 838 4895 adulanter
873 4815 910 4889 δι
932 4832 1040 4892 nutus
1065 4814 1161 4895 triste
1186 4830 1376 4911 potenmm
1455 4816 1460 4823 '

496 4937 606 5014 Ferre
626 4935 713 5013 mihi
720 4986 735 5032 ,
759 4937 797 5016 in
816 4937 1079 5018 modica'iibera
1096 4940 1170 5018 vita
1186 4937 1279 5038 dape
1313 4936 1376 5013 est.

481 5076 508 5095 ·-
1009 5065 1048 5144 G
1544 5051 1601 5132 11.
1626 5049 1715 5129 Aa·
