4809 6034
622 572 874 660 LIBER
926 501 1392 663 SECUNDUaes.

421 803 590 896 Pascere,
614 801 682 895 da,
706 802 859 898 largire,
884 799 968 875 vide
992 804 1152 878 mortalia
1181 825 1273 902 quae
1300 775 1390 886 finti

472 929 672 1004 Nil'refert
695 928 794 1001 vIvas
817 947 861 1004 an
890 928 1039 1004 moriare
1063 930 1136 1008 tui.

421 1054 481 1129 Sic
505 1055 557 1128 est
581 1055 675 1129 vita:
701 1068 762 1126 rua
785 1050 857 1141 est,
883 1053 995 1149 rapias
1024 1055 1050 1129 ss
1075 1072 1235 1151 tempus:
1260 1075 1296 1135 at
1313 1061 1363 1135 est
1386 1063 1460 1155 nii,

471 1180 566 1257 Cum
589 1183 762 1271 moriere,
787 1194 913 1252 tuum:
941 1180 1038 1276 quod
1062 1182 1134 1257 fuit
1156 1186 1246 1260 alter
1271 1187 1388 1264 habet.

593 1453 739 1531 XXII.
777 1454 1010 1530 seneen
1044 1456 1408 1554 senosssmcn

415 1725 493 1824 Jam
520 1725 637 1802 senior
661 1725 807 1800 Bromio
834 1739 943 1800 totam
970 1730 1212 1824 compleverat
1234 1734 1355 1810 alvum

467 1852 690 1948 Oenopion,
716 1868 871 1946 pateram
896 1852 957 1926 sed
981 1870 1082 1929 tenet
1104 1855 1164 1931 ille
1191 1875 1321 1938 tamen.

414 1979 509 2078 Quin
532 1978 636 2050 etiam
659 1979 777 2053 sstiens
802 1978 889 2054 dicit
917 1980 1007 2054 maia
1038 1981 1186 2078 plurima
1212 1985 1382 2080 dextrae,

459 2101 519 2175 De
543 2104 634 2195 cupa
657 2104 756 2199 quod
776 2127 850 2180 non
868 2104 1006 2179 hauriat
1030 2106 1091 2179 illa
1114 2128 1263 2188 merum.

410 2228 550 2303 Interea
575 2227 726 2303 stertunt
746 2226 921 2320 juvenes,
946 2245 1008 2300 aut
1034 2231 1059 2303 ss
1083 2233 1170 2326 vigil
1196 2235 1246 2307 est
1272 2237 1377 2331 quis,

460 2355 602 2449 Epotos
625 2354 752 2426 calices
778 2373 845 2427 nec
868 2373 1052 2428 numerare
1078 2356 1185 2432 valet.

414 2478 488 2578 Jam
512 2480 616 2567 bibe,
640 2479 722 2551 vive
751 2477 879 2551 senex:
904 2499 978 2552 non
1003 2500 1088 2554 vere
1112 2481 1205 2558 dixit
1231 2484 1410 2564 Homerus

455 2605 589 2679 Vexari
612 2604 784 2700 juvenum
810 2605 940 2680 robore
965 2605 1142 2687 canitiem.

560 2835 1091 3002 XXIII.Msernou1·1,
1124 2882 1399 2967 Consuers.

403 3147 566 3224 Pondere
589 3168 663 3224 non
689 3150 766 3225 auri
791 3153 900 3249 cupi0
918 3155 1026 3248 mihi,
1050 3158 1149 3233 mille
1173 3181 1241 3236 nec
1262 3164 1390 3256 urbes,

453 3273 536 3345 Nec
561 3292 649 3369 quas
674 3273 880 3351 Thebarum
902 3259 1020 3354 cantat
1047 3281 1223 3358 Homerus
1251 3309 1353 3380 opes.

401 3397 510 3471 Plena
535 3397 595 3470 sed
624 3413 665 3472 ut
688 3403 800 3475 veteri
829 3402 994 3498 spument
1018 3403 1103 3477 mihi
1127 3408 1257 3498 pocula
1280 3407 1448 3507 Baccho,
1555 3393 1559 3402 ⁸

450 3524 500 3597 Et
524 3543 600 3596 mea
623 3541 821 3618 perpetuus
845 3527 991 3622 proluat
1015 3549 1078 3602 ora
1101 3531 1245 3627 liquor:

401 3648 665 3745 Compotetque
690 3649 811 3727 senum
835 3654 921 3727 mihi
945 3656 1153 3732 ciacumsuia
1177 3680 1327 3755 coronae

451 3775 526 3875 Qui
552 3775 674 3865 volet,
698 3777 735 3850 in
762 3782 866 3854 crassa
891 3781 993 3855 sudet
1017 3783 1255 3878 ephemeride.

347 3879 353 3895 ’
399 3899 477 3974 Hae
500 3903 586 3975 mihi
609 3902 777 3994 divitiae,
803 3926 903 3981 meus
925 3907 984 3981 hIc
1009 3908 1139 3988 honor.
1168 3916 1222 3989 Ite
1247 3919 1391 3995 curules

447 4026 496 4104 Et
520 4028 654 4106 fascesz
681 4030 833 4128 phialam
857 4034 908 4108 sat
928 4036 969 4110 fit
983 4036 1114 4118 habere
1139 4040 1237 4117 mihi.

692 4300 1256 4405 XXIV.EJusns1u.

398 4570 501 4648 Heus
525 4571 655 4647 Bacchi
680 4574 818 4671 pugiles
841 4576 889 4700 aci
910 4584 1042 4672 praelia
1071 4582 1209 4682 semper
1233 4587 1393 4680 hiantes,

442 4696 616 4772 Instaurat
640 4699 786 4775 calicum
811 4704 942 4798 praelia
967 4707 1056 4781 festa
1080 4708 1169 4791 dies.

396 4822 557 4920 Largiter
585 4823 687 4901 Icarii
711 4829 862 4907 libemus
887 4830 981 4907 dona
1005 4836 1140 4931 Lyaei,

443 4947 522 5027 Sint
545 4951 621 5029 auis
645 4972 751 5032 curae
773 4977 918 5036 munera
944 4962 1169 5061 Triptolemi.

916 5084 998 5163 Ttt
