4809 6034
660 547 1302 676 ur'nnurnrurus.

529 793 533 798 ⁴
673 811 1303 897 XX.Cana1nrncrrr.

352 1125 358 1140 .
407 1070 510 1147 Trita
544 1069 744 1145 Theaeteto
768 1071 916 1165 simplex
942 1072 1022 1147 via:
1048 1071 1195 1149 foritan
1218 1073 1280 1148 illa

455 1197 544 1271 Non
571 1210 654 1289 apta
678 1193 730 1268 eit
756 1194 928 1288 hederas,
952 1196 1116 1289 Bacche,
1144 1217 1268 1294 parare
1289 1213 1379 1278 tuas.

406 1318 478 1397 Sed
507 1320 613 1394 semel
633 1320 776 1396 illorum
799 1337 995 1415 praecones
1019 1322 1164 1399 nomina
1187 1324 1336 1416 dicunt,-

450 1446 560 1523 Hunc
588 1444 737 1538 dodum
765 1445 901 1540 semper
936 1444 1088 1522 Graecia
1116 1463 1191 1526 tora
1220 1468 1338 1530 vocat.

680 1685 1247 1829 'xxinjosnnn
1406 1677 1410 1682 ἱ

258 2009 266 2020 “
403 1989 562 2087 Egregio
588 1988 729 2065 concisa
753 1987 804 2063 sat
821 1989 903 2082 est,
928 2013 952 2066 o
978 1988 1142 2082 Bacche,
1166 1991 1296 2086 poetae

455 2113 601 2188 Didio:
626 2134 709 2190 nam
734 2112 1000 2204 dicit‚‘vinco:
1026 2114 1114 2214 quid
1139 2115 1191 2191 est
1216 2113 1394 2191 brevius?

402 2240 456 2314 At
481 2240 541 2312 cui
565 2261 640 2313 non
664 2239 777 2313 fueris
800 2240 946 2330 fautor,
970 2243 997 2315 fi
1019 2241 1116 2314 forte
1139 2255 1285 2337 rogatur

454 2366 530 2441 Res
558 2377 600 2437 ut
623 2363 687 2455 iit,
712 2363 838 2438 durum
864 2362 924 2438 sed
951 2363 1169 2455 toleremus,
1194 2365 1256 2440 ait.

407 2491 506 2566 Haec
532 2511 606 2565 vox
638 2489 859 2581 omninum,
883 2490 1026 2585 quires
1050 2490 1267 2566 meditantur
1283 2477 1447 2587 iniquae,

353 2621 365 2644 ⁰
459 2616 649 2711 Occupet:
674 2617 818 2691 eveniat
839 2613 971 2712 syllaba
995 2615 1079 2694 bina
1106 2616 1204 2693 mihi.

676 2881 972 2991 ‘XXILQuae
985 2883 1029 2973 δ’
1051 2904 1126 2986 quot
1149 2888 1288 2989 Musae.

406 3146 573 3241 Calliope
598 3144 767 3240 princeps
793 3142 908 3220 Heroi
935 3145 1099 3224 carminis
1124 3144 1272 3222 audior:

404 3274 529 3350 Movit
552 3271 656 3347 doda
679 3269 811 3345 choros
835 3270 934 3344 facili
958 3270 1136 3348 testudine
1169 3271 1295 3346 Clioa·

372 3449 378 3456 -
405 3399 564 3493 Euterpe
590 3396 727 3491 tragico
744 3395 901 3491 graditur
923 3396 1340 3489 spedanda-cothurno:

404 3526 521 3624 Jadtat
549 3522 801 3615 Melpomenes
824 3521 861 3594 se
884 3522 1042 3597 barbitos
1067 3525 1135 3597 effe
1159 3501 1361 3615 repertum:
1503 3537 1509 3550 ¹

250 3653 252 3660 '
406 3649 512 3746 Tibia
537 3645 773 3741 Terpfichore
796 3647 915 3741 caepit
936 3647 1100 3720 resonare
1123 3644 1306 3739 magistra:

402 3775 560 3852 Divinos
586 3772 698 3846 Erato
725 3784 833 3846 cantu
857 3766 1051 3842 celebravit
1074 3766 1256 3844 honorent

402 3900 553 3979 Effinxit
576 3896 693 3973 varios
718 3911 842 3992 arguta
868 3893 1056 3986 Polymnia
1083 3893 1226 3990 gestura

367 4023 375 4030 ’
404 4028 544 4103 Uranie
571 4024 664 4099 coeli
684 4037 808 4096 motus
822 4021 973 4117 signavit
998 4018 1036 4095 dc
1060 4018 1174 4110 astra,

407 4152 555 4230 Comica
576 4166 713 4227 moreto
738 4148 820 4221 lufit
842 4147 1004 4222 sermone
1029 4143 1168 4220 Thalia.

778 4544 952 4623 xxrrr.
990 4540 1048 4619 oe
1071 4540 1200 4619 ostem.
1290 4481 1309 4626 s

412 4806 673 4905 Terpfichoren
697 4800 815 4900 pictor
843 4826 918 4880 non
942 4802 1104 4880 viderat:
1131 4818 1207 4876 arte
1232 4802 1294 4877 sed
1317 4803 1427 4900 ipsam

461 4934 520 5011 Sic
544 4933 705 5023 fimulat,
727 4949 847 5024 ueram
871 4930 968 5008 visua
993 4945 1035 5032 ut
1061 4931 1129 5003 effe
1155 4943 1266 5025 patet.
1338 5025 1339 5028 Ν
1474 5011 1476 5020 ,

999 5053 1088 5129 Mm

1568 578 1668 696 'ara
