4809 6034
621 2546 635 2593 f

692 590 802 650 xvm
985 560 1731 652 HUGONIsGrt-oru

688 784 829 855 ramus,
852 764 928 839 srva
947 761 985 836 in
1007 760 1233 837 manentibus·
1253 756 1444 860 operrlsus,
1465 768 1538 844 five
1562 768 1601 844 in
1623 791 1771 861 earum,
1805 790 1897 869 quae
1921 771 2040 876 peries

439 922 443 937 ‘
561 980 565 987 .
688 915 939 1013 re„1e1iquiis.

736 1073 898 1151 Accedat
920 1093 1014 1177 erge
1032 1072 1077 1148 ad
1099 1073 1181 1151 illos
1205 1075 1325 1167 duos,
1352 1076 1457 1152 velut
1476 1077 1604 1155 fratres
1626 1079 1741 1174 stans,
1765 1083 1891 1181 tertius
1915 1085 1973 1161 hic
1998 1089 2043 1163 li‘-

687 1230 775 1321 ber,
798 1228 947 1323 studia,
982 1245 1153 1327 quantum
1187 1253 1238 1307 ex
1270 1245 1352 1306 ante
1385 1230 1489 1308 distis
1522 1234 1649 1332 colligi
1667 1204 1786 1330 potest
1805 1289 1824 1328 ,
1860 1241 2044 1339 magisque

687 1385 763 1480 ipsa
785 1383 941 1461 ledi'one
966 1383 1181 1481 apparebit,
1220 1385 1340 1460 nihile
1366 1388 1437 1463 illis
1470 1388 1596 1465 minor.
1649 1391 1786 1466 Damus
1817 1410 1932 1470 autem
1956 1398 2045 1473 haec

690 1542 953 1641 Epigrammata
977 1542 1016 1616 dc
1039 1540 1301 1633 emendatiora,
1333 1561 1436 1638 quam
1461 1543 1610 1618 antehac
1632 1546 1815 1639 fuerunt„
1846 1549 1884 1623 dc
1909 1550 2045 1631 Latinis

686 1700 876 1793 uerlibus,
916 1717 1021 1795 quam
1053 1698 1217 1794 proxime
1248 1699 1429 1795 potuimus
1462 1698 1509 1772 ad
1548 1699 1722 1775 Graecum
1755 1703 1936 1797 exemplar
1983 1728 2045 1782 en·
2113 1652 2118 1667 υ

686 1859 811 1954 prelia.
864 1853 1143 1934 Emendationes
1162 1851 1289 1950 partim
1313 1872 1334 1926 a
1358 1853 1463 1928 nobis
1480 1852 1589 1944 sunt,¹
1619 1856 1746 1949 partim
1774 1856 1818 1931 ab
1844 1860 1922 1950 eo,
1939 1882 2043 1957 quem

688 2011 865 2105 honoris,
888 2028 929 2088 ut
947 2012 1080 2104 debeo,
1104 2009 1208 2084 causa
1223 2010 1404 2087 nominare
1422 2011 1525 2104 saepe
1544 2010 1669 2103 soleo,
1696 2010 1756 2086 CI.
1770 2012 1956 2105 Salmasro,
1980 2017 2045 2113 qul

686 2165 803 2242 editos
829 2188 911 2243 cum
930 2187 1037 2241 manu
1055 2180 1178 2241 vetere
1195 2166 1346 2242 exaratis
1371 2134 1553 2241 codicibus
1569 2152 1762 2259 cuntulit,
1774 2189 1928 2263 quorum
1945 2172 2045 2248 codis
2196 2262 2201 2275 .

547 2408 551 2413 ,
687 2343 769 2398 cum
798 2321 990 2400 austeritas
1019 2322 1173 2420 plurima
1198 2322 1383 2414 firmavit,
1415 2342 1507 2420 quae
1532 2322 1618 2396 milri
1642 2321 1847 2415 conjedlura
1873 2326 2045 2422 suggesse·

686 2494 753 2555 rat.
777 2479 917 2555 Eodem
939 2479 1078 2555 monitu
1092 2478 1263 2577 quaedam
1277 2479 1371 2554 fallis
1388 2477 1563 2570 adscripta
1581 2475 1675 2550 varis
1692 2476 1909 2556 reddidimus
1924 2483 2044 2558 austu*

683 2633 804 2728 ribus,
829 2659 875 2714 ne
902 2656 1005 2734 quam
1026 2633 1179 2729 iustitiae
1201 2634 1422 2711 exercendae
1442 2634 1664 2707 occationem·
1684 2636 1801 2726 perire
1817 2642 2041 2731 pateremura

685 2787 726 2866 da
759 2791 854 2867 suam
886 2795 1011 2895 cuique
1043 2742 1263 2867 reddidimus
1303 2787 1491 2864 dialedlum
1525 2785 1624 2861 velut
1667 2788 1826 2864 colorem
1861 2793 2047 2885 nativum,

687 2944 796 3019 multa
818 2946 1073 3024 incrustatione
1098 2961 1322 3040 corruptum.
1350 2946 1612 3042 Epigrammata
1642 2962 1829 3022 verterunt
1852 2950 1978 3041 multi,
2006 2949 2045 3024 da
2177 2998 2181 3007 ι

687 3100 828 3200 quidem
847 3103 916 3179 viri
938 3104 1057 3180 nostra
1074 3117 1337 3199 parentumque
1360 3115 1475 3176 aetate
1499 3101 1673 3193 illustres,
1701 3076 1873 3199 dignitate
1895 3104 1977 3195 alii,
2002 3120 2044 3180 ut

685 3255 915 3335 Hermannus
951 3256 1083 3334 Comes
1116 3277 1256 3333 annua
1274 3256 1441 3355 Aquila,
1476 3257 1634 3333 Thomas
1660 3258 1810 3350 Morus,
1852 3261 2045 3359 aldulphus

628 3398 632 3403 ’
685 3409 950 3506 Merkerchus3
974 3414 1033 3488 alii
1056 3415 1237 3490 literarum
1261 3413 1466 3510 principes,
1499 3413 1720 3503 Politianua,
1754 3413 1945 3511 Erasmus,
1977 3421 2044 3495 Al.

685 3567 820 3660 rictus,
843 3570 1015 3668 scaligeri
1038 3572 1127 3647 dun.
1180 3571 1348 3647 habetne
1370 3566 1529 3666 plurium
1552 3563 1676 3639 audire
1701 3587 1782 3642 non
1799 3572 1950 3646 obscura
1977 3596 2042 3649 no·

685 3724 809 3801 mina?
858 3725 1062 3816 Marullus,
1098 3723 1231 3797 Beatus
1259 3722 1480 3809 Rhenanus,
1523 3720 1737 3794 Laurentius
1768 3722 1896 3817 Valla,
1932 3727 2044 3805 Lilius

689 3876 898 3975 Gyraldtu,
935 3879 1093 3978 Jacobus
1130 3874 1392 3967 sannazarius,
1436 3873 1618 3971 Johannes
1636 3877 1825 3970 aluums,
1861 3880 2043 3980 Georgius

686 4036 962 4127 Buchananus,
1005 4015 1201 4132 Philippus
1239 4029 1509 4122 Melanchton,
1556 4030 1765 4128 Joachlmus
1797 4032 2052 4133 Camerarius,

687 4190 891 4267 Hadrianus
916 4190 1068 4291 Junius,
1104 4189 1281 4266 Hearicus
1305 4189 1534 4285 Stephanus,
1570 4186 1778 4285 Joachimus
1801 4191 2053 4288 Myfingerus,

687 4345 872 4446 Juhannes
899 4347 1085 4423 Sleidanus
1104 4382 1134 4442 ‚2-
1154 4347 1282 4446 „Janus
1315 4342 1536 4438 Secundus,
1581 4343 1715 4422 Paulus
1741 4345 1926 4440 Melillus,
1970 4347 2045 4423 Bo·
2172 4416 2179 4433 ,

689 4518 885 4580 naventum
929 4502 1139 4581 Vulcanius.

735 4654 796 4735 Ad
830 4636 898 4733 hos
923 4658 1124 4754 accedant„
1154 4661 1215 4736 vel
1239 4657 1318 4757 ipso
1353 4672 1495 4737 conatu·
1511 4656 1702 4754 laudandi,
1736 4661 1949 4741 Franciscus
1960 4663 2042 4737 Bell

1956 4817 2052 4890 licae-
