4809 6034
631 529 885 720 nrnnrt
932 570 1267 672 nur-nus,

1558 589 1637 671 τις
1788 593 1790 598 ·

377 844 478 923 Haec
501 853 614 933 cape,
629 815 729 923 'quae
753 817 878 917 gesto,
904 807 1056 898 uiride,
1080 805 1107 879 sr
1130 799 1287 892 dixerit,
1309 817 1430 892 anna,
1562 787 1565 792 ’

378 971 439 1050 Ne
463 984 573 1062 cape,
596 951 705 1033 tinita
731 945 820 1024 seris
845 937 978 1034 etenim
1002 931 1085 1033 sunt
1109 929 1228 1006 omnia
1250 929 1409 1007 flammis.

561 1246 611 1323 X.
647 1241 787 1341 Quru
810 1225 1045 1306 nrxnnrr
1070 1219 1348 1310 Pnsrrnne',

714 1451 724 1521 '.
803 1461 949 1565 Taurum
970 1495 1100 1551 amans.
1154 1473 1160 1480 ’
1225 1451 1227 1454 ’

254 1839 258 1846 ,
386 1764 552 1855 Βοὲὶοτ,
575 1758 773 1858 amatricem
800 1757 864 1854 qui
887 1775 944 1831 tne
970 1739 1077 1831 bovis
1105 1753 1173 1828 esse
1197 1750 1376 1856 docebas,

364 1880 436 1971 ¹Et
461 1890 598 1988 mugire
620 1884 734 1975 doce,
756 1883 909 1960 trahitur
932 1883 981 1962 sic
1002 1881 1064 1957 ille
1078 1879 1238 1959 maritus.

741 2171 1199 2251 XLLuornun

389 2434 480 2514 Non
498 2430 652 2508 Veneris
678 2449 770 2525 puer
788 2428 863 2519 est,
886 2427 995 2503 laedit
1013 2426 1076 2524 qui
1102 2427 1235 2522 corda,
1258 2413 1320 2504 sed
1335 2428 1436 2504 illum
1545 2377 1549 2386 ι
1590 2445 1595 2454 ’

442 2556 651 2636 Praescribit
665 2554 762 2632 vitiis
782 2555 885 2631 ’mens
901 2519 999 2628 hale
1022 2554 1104 2629 sana
1124 2555 1209 2633 suis.

764 2841 1239 2921 Xstlucruru

396 3097 604 3197 virgineis,
624 3093 877 3193 ThrasybuIe‚
900 3087 1013 3197 plagis
1035 3099 1178 3176 innixus
1203 3095 1346 3176 anhelas
1353 3145 1371 3188 ,

449 3226 493 3301 In
516 3228 612 3300 sicco
638 3226 753 3323 qualis
781 3225 903 3301 littore
927 3229 1070 3324 quaeris
1083 3248 1231 3326 aquas,

399 3351 614 3446 Aequoreus
639 3350 813 3446 Delphin.
839 3351 975 3427 resecet
999 3374 1068 3428 nec
1094 3352 1244 3462 Perseos
1269 3351 1381 3450 harpe

456 3473 651 3571 Captivum
681 3494 773 3571 quae
793 3491 829 3550 te
853 3455 1002 3554 subdola
1024 3477 1085 3552 fila
1111 3492 1252 3552 tenent.

706 3754 1265 3836 XHLCnnrnrru

457 4013 581 4089 Fames
605 4029 758 4090 amorem
782 4011 903 4104 sedat,
926 4027 989 4087 aut
1018 4011 1116 4088 sedat
1140 4010 1240 4087 dies:

460 4136 612 4237 Quodsi
635 4159 702 4214 nec
725 4136 798 4212 istit
820 4140 957 4214 flamma
977 4138 1080 4214 cedat
1105 4153 1315 4230 contumax,

456 4263 640 4341 Medicina
663 4261 769 4339 restat
793 4263 941 4362 laqueus
960 4279 1121 4340 extrema
1139 4264 1237 4338 loco.

721 4499 1270 4626 XIVZruo'uour.

418 4793 479 4869 Ad
503 4796 624 4875 sontes
641 4748 793 4896 puerum
809 4800 930 4895 posuit
956 4805 1039 4899 quis
1064 4801 1226 4897 sculptor
1252 4800 1476 4888 Amorem?

467 4919 644 5025 Extingui
666 4926 811 5025 sperans
840 4928 985 5038 flumine
1011 4931 1111 5024 posse
1144 4927 1255 5008 sacer·

337 5079 339 5082 ·
1016 5053 1046 5131 P
1069 5075 1094 5131 a
1162 5071 1165 5078 ·
