4809 6034
629 549 1330 639 .errrRPR1Moe
1622 569 1698 648 ιη

435 789 610 889 Decipior
633 785 695 863 sed
720 787 848 881 sponte
870 802 973 858 meat
1000 780 1127 876 procul
1149 780 1237 855 absit
1261 794 1303 855 ut
1329 779 1367 857 in
1393 798 1450 854 me

482 920 562 1017 Ipse
586 936 654 1012 ego
678 916 739 989 fim
765 909 905 985 Censor
929 907 1044 1003 qualis
1068 905 1294 983 Aristoteles.
1423 947 1426 948 f

432 1050 569 1127 Parebo
594 1043 717 1142 potius
742 1037 808 1113 tibi
833 1037 935 1111 Tesa‘
950 1033 1057 1108 Musa
1080 1033 1265 1107 monentie

484 1170 686 1252 Moestitiae
704 1186 810 1243 nemo
836 1161 944 1237 debet
965 1159 1079 1236 adesse
1095 1159 1187 1235 suae.

782 1485 833 1563 V.
876 1484 1225 1580 EJosnrrkM.

438 1816 558 1895 Rideo
582 1814 684 1909 saepe
703 1806 829 1884 cadum
846 1824 951 1902 quem
970 1802 1044 1878 fert
1071 1797 1256 1892 Pandora,
1283 1818 1352 1875 nec
1367 1781 1486 1894 ipsam*

488 1947 639 2038 Argoo:
664 1934 725 2013 sed
751 1951 911 2030 pennae,
935 1930 1034 2028 queis
1058 1927 1268 2004 honasfolta
1293 1924 1430 2030 volant.

438 2072 540 2147 Sicut
570 2066 671 2144 enim,
690 2062 790 2158 caelo
817 2057 978 2132 sublimia
1003 2054 1098 2130 dona
1120 2053 1308 2156 seruntur,

491 2197 551 2271 sic
576 2192 710 2268 utinam
736 2188 856 2262 saltem
883 2205 964 2281 pars
993 2179 1171 2257 cecidisset
1198 2177 1310 2253 humi.

436 2323 645 2401 Pallesceno
660 2316 763 2392 etiam
793 2327 881 2406 puto
900 2328 989 2385 tunc
1016 2326 1097 2382 cum
1124 2323 1267 2401 tegmen
1294 2315 1455 2400 apertum
1482 2301 1558 2396 est,

490 2445 664 2540 Corrupit
690 2461 807 2516 rerum
824 2457 912 2535 ques
938 2436 1023 2510 tulit
1055 2446 1160 2508 omne
1175 2429 1301 2505 decus.

444 2578 496 2651 At
521 2589 612 2671 quae
637 2592 734 2648 nunc
758 2569 872 2668 agitur
887 2549 942 2639 bis
965 2558 1069 2655 pejor
1091 2557 1188 2650 vita,
1219 2555 1318 2654 quod
1337 2555 1412 2653 ipsa

492 2700 557 2776 Est
579 2719 668 2775 anus
694 2697 732 2773 δι
758 2693 864 2793 p'lane
889 2692 942 2770 nil
966 2687 1075 2766 cadus
1097 2685 1196 2762 intus
1219 2682 1328 2759 habet
1385 2749 1391 2756 .

445 3022 459 3028 ’
673 3040 1368 3128 rrruroexmr

936 3381 1121 3472 Laudes(

690 3791 699 3806 .
804 3729 1253 3807 I.Luo11.r11.

448 4055 548 4130 Dent
576 4053 830 4131 Heliconiades
854 4054 960 4131 nobis
984 4051 1180 4150 primordia
1205 4044 1353 4141 Musae,

497 4178 554 4254 Ut
576 4180 668 4254 sama
692 4181 767 4271 est,
790 4180 909 4275 pastor
937 4178 1108 4270 ‹fixerat‚'
1124 4177 1262 4268 Ascra,
1287 4191 1384 4249 tuos.
1412 4243 1418 4250 .

292 4317 304 4322 “
423 4304 614 4400 ἱΟειῐὶῑορε
641 4304 758 4380 verbis
783 4304 930 4379 facundi
954 4303 1046 4378 dixit
1073 4301 1243 4377 Homerir
1282 4345 1286 4352 ·

499 4435 590 4507 Iram
613 4430 712 4506 Diva
740 4431 856 4504 refer:
883 4421 956 4504 Dic
978 4427 1066 4503 mihi
1082 4428 1191 4502 Musa
1210 4428 1349 4501 virum:

452 4560 503 4635 Et
527 4560 612 4633 mihi
636 4559 813 4655 principio
830 4557 984 4655 quodam
1013 4557 1065 4631 est
1090 4577 1206 4654 opus:
1234 4553 1329 4629 unde
1351 4549 1436 4645 sed,
1459 4573 1549 4647 010,

502 4685 653 4775 Ordior,
677 4701 719 4758 ut
747 4687 866 4784 surgat
888 4687 1009 4761 charta
1030 4683 1184 4761 secunda
1208 4681 1322 4757 mihi?

459 4810 494 4886 Ο
522 4809 799 4900 Helico'niades,
829 4811 970 4886 soboles
998 4812 1103 4907 Jovis
1127 4829 1257 4902 aurea,
1282 4809 1397 4885 solvus
1477 4832 1488 4855 “·

466 5001 468 5004 ,
508 4936 599 5015 Non
617 4937 757 5028 essem,
783 4931 911 5013 Caesar
936 4935 974 5013 ni
997 4934 1097 5011 daret
1120 4953 1201 5013 aera
1226 4933 1340 5012 Nero.

869 5073 872 5078 ·
1020 5061 1055 5139 0
1112 5113 1115 5120 ,
1521 5049 1574 5126 11.
1602 5045 1716 5138 Droq
