4809 6034
720 586 1350 672 ttuaurarmus.
1599 607 1716 696 '1³

455 816 584 912 Usque
608 812 702 889 adeo
722 813 838 890 tristes
862 835 954 912 quae
979 815 1055 889 fers
1081 816 1217 890 incerta
1242 836 1400 894 racemos

504 937 685 1014 stillantes
710 937 792 1014 duri
815 940 928 1019 fontis
953 940 1156 1017 amaritiem.
1499 1036 1503 1045 ι

459 1065 494 1140 O
520 1067 654 1141 utinam
677 1065 799 1139 redeat
822 1066 927 1142 nobis
952 1056 1013 1142 tua
1036 1064 1186 1160 dextra,
1212 1069 1413 1171 Lycurge,

507 1192 620 1268 Eruat
644 1204 687 1268 ut
710 1190 812 1267 crudi
835 1193 988 1289 palmitis
1013 1212 1119 1269 omne
1145 1214 1272 1292 genus.

820 1538 1266 1620 ILIucraan

374 1912 388 1937 .
462 1861 537 1961 Qui
559 1858 658 1935 serus
684 1857 747 1933 ille
775 1857 846 1934 suit
873 1858 977 1935 crudi
1000 1861 1064 1958 qui
1085 1861 1241 1958 palmitis
1267 1853 1374 1936 uvam

509 1985 765 2081 Intempestivo
792 1986 926 2080 pollice
952 1983 1121 2063 desecuit.

464 2114 500 2188 T
502 2128 644 2187 entatus
671 2110 773 2185 simui
799 2131 884 2202 ora,
908 2111 966 2186 via
990 2111 1145 2207 projecit
1168 2113 1207 2190 in
1231 2113 1316 2209 ipsa„

512 2235 669 2311 Semesas
694 2234 863 2331 Bromii,
893 2237 998 2313 triste
1017 2238 1173 2330 videre,
1208 2237 1331 2333 dapes.

464 2363 518 2439 Sit
545 2361 649 2435 Deus
673 2358 758 2434 huic
781 2361 894 2453 talis,
928 2361 1043 2458 qualis
1069 2361 1141 2438 fuit
1167 2376 1250 2437 ante
1277 2362 1477 2461 Lycurgo,

517 2484 658 2561 Gaudia
683 2484 746 2582 qui
768 2485 863 2582 jnffit
884 2489 948 2563 vix
975 2489 1069 2562 bene
1094 2499 1177 2563 nata
1194 2487 1297 2562 mori.

465 2612 574 2687 Unde
600 2611 726 2688 bibens
754 2610 882 2709 aliquis
907 2613 1029 2707 potuit
1052 2615 1111 2690 vel
1136 2614 1285 2690 amabile
1311 2630 1453 2690 carmen

516 2736 720 2834 Fundere,
751 2738 812 2818 vel
831 2758 933 2815 curas
958 2740 1094 2838 pellere
1118 2752 1239 2817 mente
1261 2759 1402 2841 graves.

777 3088 1155 3171 TITULUS
1206 3091 1290 3168 111.

919 3413 976 3488 De
995 3410 1169 3491 Donariis.

681 3724 712 3801 1.
748 3726 1046 3820 Lacrimare,
1081 3729 1411 3805 Tnannrrur.

470 4081 569 4157 Haec
585 4078 698 4175 spolia
715 4078 811 4154 haud
828 4096 906 4152 mea
924 4078 1032 4171 sunt,
1056 4079 1138 4176 quis
1156 4080 1252 4156 enim
1269 4080 1315 4157 de
1333 4076 1468 4176 pariete
1485 4070 1615 4150 Martia

518 4207 675 4280 Munera
701 4206 884 4302 suspendit
911 4222 986 4281 non
1000 4204 1186 4299 ,placitura
1217 4208 1331 4285 Deo?

470 4330 624 4407 illaesae·
637 4333 780 4429 galeae:
809 4331 929 4426 clypei
953 4332 1027 4404 srne
1055 4331 1227 4428 sanguine
1254 4332 1422 4430 fulgent,

519 4455 767 4556 Fragminibut
786 4456 896 4533 nullis
920 4452 1083 4530 diffiliere
1108 4454 1227 4534 sudes.

471 4582 570 4658 Haec
596 4604 665 4680 ego
697 4604 778 4657 cum
804 4581 946 4675 video,
977 4582 1117 4658 vultum
1144 4583 1266 4680 pudor
1291 4593 1479 4677 occupat,
1510 4578 1623 4675 inque

519 4709 669 4785 Pectora
693 4706 852 4805 deiectus
875 4723 993 4783 manat
1013 4711 1057 4785 ab
1081 4730 1145 4785 ore
1172 4712 1303 4807 liquor.

476 4836 550 4935 Qui
577 4838 712 4930 volet,
741 4836 797 4912 hic
821 4835 926 4911 donis
956 4836 1148 4911 coenacula
1174 4838 1308 4928 lauta,
1341 4833 1401 4910 vel
1427 4831 1542 4905 aulam

519 4960 701 5077 instruat,
733 4976 796 5040 aut
821 4962 1043 5057 thalamum,
1081 4982 1189 5060 quem
1214 4980 1310 5079 nuva
1339 4972 1453 5058 nupta
1477 4954 1601 5045 subit3
1661 5071 1723 5155 Ad

1082 5088 1113 5166 Β
1141 5111 1162 5187 a
