4809 6034
706 557 961 643 LIBER
1008 558 1348 646 PRIMUS.

442 792 521 869 Scis
536 799 577 867 ut
594 806 652 862 me
671 788 825 865 renuens
846 786 957 885 iudex
980 789 1024 873 io·
1043 792 1223 866 montibus
1250 787 1357 881 ldae,

493 920 581 995 Non
601 931 659 1006 te,
681 913 870 991 formosam
899 916 1029 991 dixerit
1047 917 1116 992 elie
1144 906 1256 989 Paris,

440 1046 548 1123 Hasta
572 1060 632 1119 tua
656 1041 707 1117 est
731 1041 960 1142 scutumque:
986 1061 1126 1133 meum,
1151 1040 1521 1138 Tritonia,·malum‚

488 1172 665 1248 Bellatum
693 1168 739 1243 de
764 1190 839 1267 quo
863 1168 905 1245 iit
929 1167 1010 1246 sutis
1035 1170 1103 1246 elle
1128 1168 1248 1246 semel.

595 1444 669 1520 IX.
695 1444 1004 1538 Pnrnnnus,
1037 1446 1443 1528 Arrxsnorrur.

441 1716 584 1798 nereus
612 1717 757 1794 Alcides
780 1738 837 1793 me
862 1718 1055 1822 demirante
1079 1722 1218 1816 jacebat

487 1849 529 1923 ln
553 1846 686 1940 trivio,
710 1847 828 1921 cultus
853 1861 932 1921 ture
958 1864 1131 1946 meroque
1148 1871 1254 1945 puer.
1398 1936 1400 1941 ,

435 1975 501 2050 Ast
526 1994 618 2070 ego,
641 1972 766 2069 m'agne
798 1973 964 2064 Trinox,
988 1972 1086 2066 dixi,
1114 1974 1313 2073 stratosque
1331 1976 1487 2051 ferarum

483 2104 607 2196 Atque
635 2098 838 2187 hominum,
863 2099 1008 2181 stratum
1033 2120 1129 2176 nunc
1148 2122 1218 2198 ego
1246 2117 1283 2175 te
1300 2100 1420 2180 video.

438 2225 510 2302 Sed
533 2226 625 2299 visus
639 2223 726 2295 mihi
749 2221 855 2296 nocie
876 2223 978 2297 Deus
997 2224 1182 2318 respondit
1207 2227 1246 2299 dc
1263 2228 1402 2320 inquit,

486 2352 587 2449 Ipsos
614 2347 833 2445 temporibus
854 2347 981 2421 cedere
1004 2346 1109 2423 crede
1133 2349 1249 2426 Deos.

790 2621 1239 2702 x.nrcu1nn

434 2901 571 2977 Parvus
594 2899 632 2974 in
658 2910 817 2975 extremo
842 2911 957 2974 terrae
981 2898 1035 2977 llo
1059 2899 1132 2976 fine
1155 2898 1330 2995 Priapus,

482 3025 597 3121 Cuius
619 3027 658 3107 in
684 3023 849 3123 adspectu
867 3046 1011 3126 mergus
1039 3025 1153 3102 adelie
1177 3028 1304 3135 rimet3

395 3200 398 3207 Δ
435 3150 544 3245 Cilo,
568 3173 690 3257 carens
708 3153 882 3250 pedibus,
908 3154 1124 3265 qualemque
1152 3153 1190 3230 in
1205 3170 1364 3250 paupere
1385 3149 1498 3250 fingat

479 3281 619 3356 Littore
645 3281 769 3356 venari
790 3302 856 3375 per
885 3302 979 3356 mare
1000 3282 1098 3357 sueta
1123 3279 1267 3355 cohors.

433 3408 529 3484 Atsr
554 3406 656 3502 quis,
682 3406 746 3501 qui
774 3421 849 3479 rete
875 3406 968 3500 petit
987 3407 1048 3479 vel
1064 3404 1236 3479 arundine
1251 3402 1410 3497 piscem,

480 3533 546 3605 Me
568 3530 753 3621 vocitent,
777 3528 895 3604 ventis
922 3549 1037 3620 ocyor
1062 3527 1230 3605 advenio.

431 3662 528 3734 Acer
556 3657 649 3731 enim
674 3676 741 3753 per
763 3674 873 3753 aquas
899 3655 1003 3730 etiam
1031 3652 1208 3729 fluitantia
1237 3671 1348 3726 cerno

480 3784 673 3933 Agmina·
696 3782 748 3859 Di
775 3781 878 3859 saun
905 3779 1113 3873 noscimur,
1137 3774 1234 3853 haud
1257 3775 1389 3873 specie.

765 4059 841 4136 XI.
872 4056 917 4132 In
941 4055 1065 4135 sacru
1086 4054 1247 4132 honorem.

430 4331 521 4408 Dux
541 4328 638 4404 bone
662 4327 899 4422 Bassaridum,
924 4328 991 4403 tibi
1012 4343 1105 4423 quae
1130 4323 1371 4413 cantabimus,
1396 4318 1491 4397 audi.

431 4459 564 4547 Alror,
587 4456 839 4551 amorividior,
862 4455 1045 4546 amabilis,
1068 4449 1312 4539 cureicornis,

429 4581 587 4673 Blande,
613 4584 938 4684 benigoiloquens,
964 4582 1123 4671 Baeote,
1148 4577 1292 4666 binate,
1314 4571 1485 4667 bimater,

433 4707 667 4804 Crapuliiex,
692 4724 868 4801 cornute,
896 4705 1222 4801 Corymbiteuens,
1257 4700 1457 4791 celebrate,

429 4833 582 4924 Dulcis,
606 4812 874 4931 dulciloquens,
898 4832 1179 4927 dithyrambice,
1205 4828 1413 4919 deliciatur,

430 4958 549 5054 Erro,
574 4954 1044 5057 Erronidocens,'llleleu,
1069 4959 1197 5053 Euan,
1221 4952 1420 5056 Epulator,

983 5087 1020 5163 Y

1636 566 1712 669 169

1483 5056 1491 5078 ⁸
1614 5070 1695 5154 Fla.-
