4809 6034
712 477 1362 644 ulua‚1tr1ttatus.3

707 772 1335 854 XVH.Tuaoca1rn

426 1035 618 1152 xLauribus
645 1032 682 1107 δι
708 1029 835 1126 myrtis
860 1029 898 1108 br
927 1030 1110 1108 odorifera
1135 1032 1317 1126 crrpreffu,

393 1183 397 1194 ·
487 1165 588 1264 Quas
613 1157 853 1254 circumpleui
870 1158 1016 1253 palmite
1037 1158 1122 1236 vitis
1140 1174 1254 1234 amat:

436 1293 489 1368 At
510 1290 641 1363 circum
666 1287 831 1378 tremulis,
851 1286 1048 1366 mulcentes
1080 1287 1245 1365 cantibus
1267 1281 1390 1364 aurar'
1454 1355 1460 1362 ,
1530 1315 1533 1324 ·

485 1414 707 1512 Ingeminant
730 1413 886 1520 merulae
906 1429 1111 1504 murmura,
1136 1412 1230 1488 veris
1246 1425 1350 1489 'aues
1412 1459 1423 1474 ·
1485 1471 1488 1482 .

434 1543 543 1619 Flava
561 1563 628 1616 nec
649 1540 833 1616 adversum
863 1533 967 1614 ramis
988 1519 1191 1618 ‘Philomela
1215 1539 1359 1616 dolores

482 1668 685 1745 Dulcisono
703 1668 809 1743 ceffat
834 1667 989 1742 molliter
1014 1688 1079 1743 ore
1102 1666 1216 1764 queri.

573 1923 580 1938 ’
734 1941 1295 2019 XVHLlncuarm

436 2201 611 2303 Quisquis
636 2223 675 2277 es
700 2201 766 2275 hac
789 2202 882 2276 lauri
904 2202 1017 2278 relide
1041 2199 1247 2277 frondentis
1269 2198 1307 2276 in
1333 2199 1481 2292 umbra,

482 2329 659 2424 Grataque
685 2326 729 2401 de
755 2327 907 2421 pulchro
931 2329 1063 2425 pocula
1085 2329 1190 2403 fonte
1216 2325 1313 2403 bibe.

433 2454 578 2531 Solibus
601 2468 643 2526 ut
665 2452 771 2530 fessos
794 2468 889 2532 artus
916 2453 1120 2562 pariterque
1154 2453 1294 2528 labore·

479 2557 642 2657 Mulceat
665 2599 686 2652 e
720 2578 875 2675 zephyri
898 2578 1035 2673 frigore
1059 2589 1159 2673 grata
1187 2572 1304 2674 quies.

705 2851 832 2929 XIX.
876 2853 1320 2930 Anrrrnrar.
1463 2848 1465 2856 ’

426 3112 560 3189 Servor
583 3132 653 3209 ego
678 3110 716 3185 in
738 3108 838 3186 foliis
864 3109 1096 3190 strutheaex
1118 3111 1248 3191 arbore
1273 3109 1434 3208 malum,

475 3239 525 3313 Et
547 3241 624 3312 mea
649 3238 719 3333 jam
744 3253 845 3313 tanto
871 3215 1033 3335 tempure
1056 3240 1175 3315 forma
1195 3255 1327 3316 manet.

412 3364 515 3440 ·Non
538 3367 719 3458 maculae,
743 3386 819 3444 non
843 3386 932 3468 ruga
957 3367 1064 3448 mihi:
1088 3366 1259 3464 lanugine
1283 3366 1416 3458 reim,

472 3491 529 3565 Ut
553 3509 645 3586 quae
668 3507 849 3567 maternus
872 3491 1034 3587 pondera
1060 3514 1177 3568 ramus
1204 3493 1325 3567 habet.

422 3618 539 3692 Rarus
563 3614 681 3686 honor
705 3614 873 3688 brumae:
900 3615 967 3690 tibi
991 3614 1055 3688 sed
1079 3617 1203 3706 regina
1226 3616 1371 3702 placere

472 3740 568 3817 Dum
593 3736 734 3830 studet,
757 3749 966 3812 autumnum
988 3730 1120 3831 frigida
1149 3731 1268 3809 reddit
1298 3734 1437 3830 hyems.

700 3965 1310 4104 arruausxm.

861 4293 930 4382 ue
963 4294 1144 4408 aaran.
1261 4225 1264 4238 Δ

516 4567 519 4576 ’
604 4597 608 4606 =
740 4547 746 4558 ’
813 4565 1154 4650 “Llncuara

1642 548 1705 647 27

421 4827 564 4927 Justitia
590 4827 637 4906 ah
658 4773 793 4925 quaeso
815 4824 902 4924 quid
926 4826 1034 4903 tristis
1057 4830 1128 4906 eri
1149 4827 1223 4904 hoc
1243 4830 1338 4930 fleo,
1363 4834 1464 4935 quod
1487 4835 1570 4931 fur,

468 4954 519 5030 Et
543 4957 601 5033 cui
630 4955 682 5034 nil
704 4973 866 5047 mecum,
889 4976 946 5040 mr
972 4969 1091 5035 tamen
1114 4957 1196 5040 heic
1221 4959 1352 5060 pontit.

1518 5057 1574 5133 ΙΙ.
1601 5054 1678 5155 Ju-
