4809 6034
720 593 1364 692 mauaeanuus.
1612 627 1692 703 ιω·

663 814 720 891 II.
746 817 933 897 Mance
976 826 1341 929 Quamnam.

426 1037 614 1136 Aspiciens
637 1018 738 1114 ca'e10
765 1040 924 1121 saltante
941 1044 1053 1121 fiaera
1080 1047 1192 1123 ludo:

473 1167 600 1265 Nescit
618 1165 656 1241 In
682 1166 855 1245 humanos
874 1192 939 1265 pes
958 1193 1058 1249 meus
1078 1174 1130 1249 ire
1154 1175 1311 1271 choros,

423 1295 658 1390 impositaque
683 1296 794 1369 comis
819 1319 932 1372 verno
957 1298 1002 1373 de
1028 1301 1117 1374 flore
1141 1322 1278 1377 corona

470 1419 635 1496 Sollicito
659 1420 765 1495 doiia
788 1422 847 1496 fila
870 1441 1002 1497 canora
1027 1442 1145 1500 manu.
1409 1410 1413 1415 ’

422 1549 481 1624 Sic
506 1546 592 1621 mihi
614 1548 798 1622 caelestem
822 1550 952 1640 liceat,
977 1551 1025 1623 fic
1049 1549 1181 1623 ducere
1208 1554 1336 1627 vitam:

467 1674 633 1752 Floribus
652 1691 690 1751 et
720 1670 855 1747 cithara
872 1695 940 1749 nec
959 1691 1069 1771 potus
1094 1674 1170 1769 ipse
1199 1693 1308 1754 caret.

767 1895 1227 1975 HLINcauai

422 2124 497 2223 Qui
521 2121 618 2217 prius
642 2118 833 2197 immodico
859 2121 1021 2218 capripes
1043 2124 1208 2223 turgebat
1225 2126 1377 2220 Iaccho,

463 2248 623 2323 Evantes
648 2251 795 2341 Satyrus
818 2247 943 2320 creber
966 2248 1063 2321 adire
1093 2250 1249 2343 choros,

414 2374 527 2448 Nunc
552 2372 717 2446 Thetidis
741 2392 856 2465 puero
881 2371 1064 2447 Mavortia
1088 2373 1239 2450 fabricat
1262 2396 1381 2473 arma,

466 2494 653 2591 Compede
678 2494 799 2572 servili
823 2493 966 2572 vinfius
993 2513 1188 2597 utrumque
1212 2499 1353 2595 pedem.

414 2627 496 2703 Nec
519 2623 697 2718 specimen
722 2622 822 2698 labor
845 2621 930 2695 artis
952 2622 1078 2716 habet,
1103 2624 1165 2698 sed
1188 2646 1328 2721 pauper
1351 2640 1389 2701 et
1403 2625 1529 2726 exspes

462 2751 546 2827 Vile
569 2750 655 2824 facit
663 2792 686 2839 ,·
702 2748 810 2823 vitam
836 2768 912 2845 quo
932 2762 1096 2845 tueatur,
1112 2771 1229 2847 opus.

766 2971 1220 3051 IV.Iueuuua

414 3203 527 3283 Nunc
544 3197 606 3276 ubi
628 3199 735 3294 plena
761 3218 861 3274 mero
876 3211 934 3273 tot
948 3192 1108 3295 pocula,‘
1127 3198 1306 3280 nuncubi
1323 3196 1491 3295 thyrsus,

458 3327 682 3421 Saltatusque
705 3324 825 3417 leves,
849 3347 874 3401 ο
900 3325 1104 3419 Satyrisce,
1129 3325 1222 3402 tibi?

411 3451 503 3550 Quis
528 3450 663 3524 Bromii
681 3469 789 3526 cunas
809 3452 953 3527 solitum
978 3453 1096 3526 velare
1114 3454 1294 3545 corymbis
1425 3444 1430 3453 “

456 3576 500 3649 In
521 3575 656 3655 fabrica
673 3571 813 3663 viniios
839 3573 934 3666 J'uffit
956 3575 1086 3648 habere
1109 3574 1251 3667 pedes?

402 3700 535 3778 Audax
556 3698 743 3796 pauperies
762 3696 801 3772 ἃ
826 3696 924 3773 nuda
946 3698 1098 3794 pudoris
1124 3698 1260 3795 egestas

449 3827 654 3903 Mulcssaero
680 3844 736 3899 me
760 3822 848 3899 dant
871 3843 957 3898 eece
982 3822 1234 3904 favillibibum.

640 4129 677 4202 Τ
709 4127 727 4201 1
760 4126 872 4205 T'U
901 4126 937 4202 ’L
967 4126 1006 4201 U
1041 4127 1068 4204 S
1108 4125 1312 4206 XLVIII

784 4345 853 4431 De
885 4343 1180 4432 Mediocritate.

696 4620 703 4633 ·
798 4574 862 4679 I.
892 4554 1129 4662 'Basa-1.

406 4810 487 4886 Nec
510 4829 566 4884 me
586 4805 693 4884 tristis
710 4764 1029 4923 impiatum
1053 4807 1161 4905 paee
1191 4806 1228 4886 an
1254 4806 1350 4902 aare,
1393 4856 1398 4873 .
1429 4842 1433 4851 .

449 4937 531 5012 Nec
557 4933 672 5012 sedeat
696 4934 798 5012 nullo
826 4933 966 5014 flamine
989 4931 1092 5008 veui
1107 4932 1204 5010 ratu.
1236 4970 1265 4987 1-
1358 5034 1364 5045 ι
1449 4988 1452 4997 ,

963 5056 1027 5147 CC
1079 5060 1083 5067 ’
1554 5058 1661 5161 Quod
